@article{RN53,
   author = {Ahiavi, E. and Dawson, J. A. and Kudu, U. and Courty, M. and Islam, M. S. and Clemens, O. and Masquelier, C. and Famprikis, T.},
   title = {Mechanochemical synthesis and ion transport properties of Na3OX (X = Cl, Br, I and BH4) antiperovskite solid electrolytes},
   journal = {Journal of Power Sources},
   volume = {471},
   pages = {9},
   ISSN = {0378-7753},
   DOI = {10.1016/j.jpowsour.2020.228489},
   url = {<Go to ISI>://WOS:000551511800031},
   year = {2020},
   type = {Journal Article}
}

@article{RN20,
   author = {Aono, H. and Sugimoto, E. and Sadaoka, Y. and Imanaka, N. and Adachi, G.},
   title = {IONIC-CONDUCTIVITY OF SOLID ELECTROLYTES BASED ON LITHIUM TITANIUM PHOSPHATE},
   journal = {Journal of the Electrochemical Society},
   volume = {137},
   number = {4},
   pages = {1023-1027},
   ISSN = {0013-4651},
   DOI = {10.1149/1.2086597},
   url = {<Go to ISI>://WOS:A1990CX65600002},
   year = {1990},
   type = {Journal Article}
}

@article{RN21,
   author = {Aono, H. and Sugimoto, E. and Sadaoka, Y. and Imanaka, N. and Adachi, G. Y.},
   title = {IONIC-CONDUCTIVITY OF THE LITHIUM TITANIUM PHOSPHATE (LI1+XALXTI2-X(PO4)3), (LI1+XSCXTI2-X(PO4)3), (LI1+XYXTI2-X(PO4)3), (LI1+XLAXTI2-X(PO4)3 SYSTEMS},
   journal = {Journal of the Electrochemical Society},
   volume = {136},
   number = {2},
   pages = {590-591},
   ISSN = {0013-4651},
   DOI = {10.1149/1.2096693},
   url = {<Go to ISI>://WOS:A1989T291400062},
   year = {1989},
   type = {Journal Article}
}

@article{RN15,
   author = {Bates, J.B. and Dudney, N.J. and Gruzalski, G.R. and Zuhr, R.A. and Choudhury, A. and Luck, C.F. and Robertson, J.D.},
   title = {Electrical properties of amorphous lithium electrolyte thin films},
   journal = {Solid State Ionics},
   volume = {53-56},
   number = {647-654},
   year = {1992},
   type = {Journal Article}
}

@article{RN30,
   author = {Bachman, J. C. and Muy, S. and Grimaud, A. and Chang, H. H. and Pour, N. and Lux, S. F. and Paschos, O. and Maglia, F. and Lupart, S. and Lamp, P. and Giordano, L. and Shao-Horn, Y.},
   title = {Inorganic Solid-State Electrolytes for Lithium Batteries: Mechanisms and Properties Governing Ion Conduction},
   journal = {Chemical Reviews},
   volume = {116},
   number = {1},
   pages = {140-162},
   ISSN = {0009-2665},
   DOI = {10.1021/acs.chemrev.5b00563},
   url = {<Go to ISI>://WOS:000368323200004},
   year = {2016},
   type = {Journal Article}
}

@article{RN56,
   author = {Bhalla, A. S. and Guo, R. Y. and Roy, R.},
   title = {The perovskite structure - a review of its role in ceramic science and technology},
   journal = {Materials Research Innovations},
   volume = {4},
   number = {1},
   pages = {3-26},
   ISSN = {1432-8917},
   DOI = {10.1007/s100190000062},
   url = {<Go to ISI>://WOS:000165743700002},
   year = {2000},
   type = {Journal Article}
}

@article{RN7,
   author = {Bielefeld, A. and Weber, D. A. and Janek, J.},
   title = {Microstructural Modeling of Composite Cathodes for All-Solid-State Batteries},
   journal = {Journal of Physical Chemistry C},
   volume = {123},
   number = {3},
   pages = {1626-1634},
   ISSN = {1932-7447},
   DOI = {10.1021/acs.jpcc.8b11043},
   url = {<Go to ISI>://WOS:000457067500013},
   year = {2019},
   type = {Journal Article}
}

@article{RN71,
  title={Electric dipoles and ionic conductivity in a Na+ glass electrolyte},
  author={Braga, M Helena and Ferreira, Jorge A and Murchison, Andrew J and Goodenough, John B},
  journal={Journal of The Electrochemical Society},
  volume={164},
  number={2},
  pages={A207},
  year={2016},
  publisher={IOP Publishing}
}

@article{RN57,
   author = {Braga, M. H. and Ferreira, J. A. and Stockhausen, V. and Oliveira, J. E. and El-Azab, A.},
   title = {Novel Li3ClO based glasses with superionic properties for lithium batteries},
   journal = {Journal of Materials Chemistry A},
   volume = {2},
   number = {15},
   pages = {5470-5480},
   ISSN = {2050-7488},
   DOI = {10.1039/c3ta15087a},
   url = {<Go to ISI>://WOS:000333101600039},
   year = {2014},
   type = {Journal Article}
}

@article{RN40,
   author = {Braga, M. H. and Grundish, N. S. and Murchison, A. J. and Goodenough, J. B.},
   title = {Alternative strategy for a safe rechargeable battery},
   journal = {Energy \& Environmental Science},
   volume = {10},
   number = {1},
   pages = {331-336},
   ISSN = {1754-5692},
   DOI = {10.1039/c6ee02888h},
   url = {<Go to ISI>://WOS:000395208000030},
   year = {2017},
   type = {Journal Article}
}

@article{RN63,
   author = {Braga, M. H. and Murchison, A. J. and Ferreira, J. A. and Singh, P. and Goodenough, J. B.},
   title = {Glass-amorphous alkali-ion solid electrolytes and their performance in symmetrical cells},
   journal = {Energy \& Environmental Science},
   volume = {9},
   number = {3},
   pages = {948-954},
   ISSN = {1754-5692},
   DOI = {10.1039/c5ee02924d},
   url = {<Go to ISI>://WOS:000372243600024},
   year = {2016},
   type = {Journal Article}
}

@article{RN28,
   author = {Brant, J. A. and Massi, D. M. and Holzwarth, N. A. W. and MacNeil, J. H. and Douvalis, A. P. and Bakas, T. and Martin, S. W. and Gross, M. D. and Aitken, J. A.},
   title = {Fast Lithium Ion Conduction in Li2SnS3: Synthesis, Physicochemical Characterization, and Electronic Structure},
   journal = {Chemistry of Materials},
   volume = {27},
   number = {1},
   pages = {189-196},
   ISSN = {0897-4756},
   DOI = {10.1021/cm5037524},
   url = {<Go to ISI>://WOS:000348085300025},
   year = {2015},
   type = {Journal Article}
}

@book{RN73,
   author = {Catlow, C. R. A.},
   title = {Computer Modeling in Inorganic Crystallography},
   publisher = {Academic
Press: San Diego},
   year = {1997},
   type = {Book}
}

@article{RN80,
  title={Anharmonicity and phase stability of antiperovskite Li 3 OCl},
  author={Chen, Min-Hua and Emly, Alexandra and Van der Ven, Anton},
  journal={Physical Review B},
  volume={91},
  number={21},
  pages={214306},
  year={2015},
  publisher={APS}
}

@article{RN19,
   author = {Chowdari, B. V. R. and Radhakrishnan, K. and Thomas, K. A. and Rao, G. V. S.},
   title = {IONIC-CONDUCTIVITY STUDIES ON LI1-XM2-XMX'P3O12 (M=HF, ZR - M' =TI, NB)},
   journal = {Materials Research Bulletin},
   volume = {24},
   number = {2},
   pages = {221-229},
   ISSN = {0025-5408},
   DOI = {10.1016/0025-5408(89)90129-3},
   url = {<Go to ISI>://WOS:A1989T256500013},
   year = {1989},
   type = {Journal Article}
}

@article{RN13,
   author = {Coetzer, J},
   title = {A new high energy density battery system},
   journal = {Journal of Power Sources},
   volume = {18},
   pages = {377-380},
   year = {1986},
   type = {Journal Article}
}

@article{RN61,
   author = {Dawson, J. A. and Attari, T. S. and Chen, H. R. and Emge, S. P. and Johnston, K. E. and Islam, M. S.},
   title = {Elucidating lithium-ion and proton dynamics in anti-perovskite solid electrolytes},
   journal = {Energy \& Environmental Science},
   volume = {11},
   number = {10},
   pages = {2993-3002},
   ISSN = {1754-5692},
   DOI = {10.1039/c8ee00779a},
   url = {<Go to ISI>://WOS:000448339100023},
   year = {2018},
   type = {Journal Article}
}

@article{RN59,
   author = {Dawson, J. A. and Canepa, P. and Famprikis, T. and Masquelier, C. and Islam, M. S.},
   title = {Atomic-Scale Influence of Grain Boundaries on Li-Ion Conduction in Solid Electrolytes for All-Solid-State Batteries},
   journal = {Journal of the American Chemical Society},
   volume = {140},
   number = {1},
   pages = {362-368},
   ISSN = {0002-7863},
   DOI = {10.1021/jacs.7b10593},
   url = {<Go to ISI>://WOS:000422813300065},
   year = {2018},
   type = {Journal Article}
}

@article{RN55,
   author = {Dawson, James A. and Chen, Hungru and Islam, M. Saiful},
   title = {Composition Screening of Lithium- and Sodium-Rich Anti-Perovskites for Fast-Conducting Solid Electrolytes},
   journal = {The Journal of Physical Chemistry C},
   volume = {122},
   number = {42},
   pages = {23978-23984},
   ISSN = {1932-7447},
   DOI = {10.1021/acs.jpcc.8b08208},
   url = {https://doi.org/10.1021/acs.jpcc.8b08208},
   year = {2018},
   type = {Journal Article}
}

@article{RN27,
   author = {de Klerk, N. J. J. and Roslon, T. and Wagemaker, M.},
   title = {Diffusion Mechanism of Li Argyrodite Solid Electrolytes for Li-Ion Batteries and Prediction of Optimized Halogen Doping: The Effect of Li Vacancies, Halogens, and Halogen Disorder},
   journal = {Chemistry of Materials},
   volume = {28},
   number = {21},
   pages = {7955-7963},
   ISSN = {0897-4756},
   DOI = {10.1021/acs.chemmater.6b03630},
   url = {<Go to ISI>://WOS:000387518500046},
   year = {2016},
   type = {Journal Article}
}

@article{RN54,
   author = {Deng, Z. and Wang, Z. B. and Chu, I. H. and Luo, J. and Ong, S. P.},
   title = {Elastic Properties of Alkali Superionic Conductor Electrolytes from First Principles Calculations},
   journal = {Journal of the Electrochemical Society},
   volume = {163},
   number = {2},
   pages = {A67-A74},
   ISSN = {0013-4651},
   DOI = {10.1149/2.0061602jes},
   url = {<Go to ISI>://WOS:000367324400011},
   year = {2016},
   type = {Journal Article}
}

@article{RN75,
   author = {Dick, B. G. and Overhauser, A. W.},
   title = {Theory of the Dielectric Constants of Alkali Halide Crystals},
   journal = {Physical Review},
   volume = {112},
   pages = {90},
   year = {1958},
   type = {Journal Article}
}

@article{RN2,
   author = {Emly, A. and Kioupakis, E. and Van der Ven, A.},
   title = {Phase Stability and Transport Mechanisms in Antiperovskite Li3OCl and Li3OBr Superionic Conductors},
   journal = {Chemistry of Materials},
   volume = {25},
   number = {23},
   pages = {4663-4670},
   ISSN = {0897-4756},
   DOI = {10.1021/cm4016222},
   url = {<Go to ISI>://WOS:000328437300003},
   year = {2013},
   type = {Journal Article}
}

@article{RN1,
   author = {Famprikis, T. and Canepa, P. and Dawson, J. A. and Islam, M. S. and Masquelier, C.},
   title = {Fundamentals of inorganic solid-state electrolytes for batteries},
   journal = {Nature Materials},
   volume = {18},
   number = {12},
   pages = {1278-1291},
   ISSN = {1476-1122},
   DOI = {10.1038/s41563-019-0431-3},
   url = {<Go to ISI>://WOS:000497968400010},
   year = {2019},
   type = {Journal Article}
}

@article{RN11,
   author = {Faraday, Michael},
   title = {Experimental researches in electricity},
   journal = {Philosophical Transactions of the Royal Society},
   volume = {123},
   pages = {23-54},
   year = {1833},
   type = {Journal Article}
}

@article{RN50,
  title={Stabilization of the metastable lead iodide perovskite phase via surface functionalization},
  author={Fu, Yongping and Wu, Tao and Wang, Jue and Zhai, Jianyuan and Shearer, Melinda J and Zhao, Yuzhou and Hamers, Robert J and Kan, Erjun and Deng, Kaiming and Zhu, X-Y and others},
  journal={Nano Letters},
  volume={17},
  number={7},
  pages={4405--4414},
  year={2017},
  publisher={ACS Publications}
}

@article{RN31,
   author = {Goodenough, J. B. and Hong, H. Y. P. and Kafalas, J. A.},
   title = {FAST NA+-ION TRANSPORT IN SKELETON STRUCTURES},
   journal = {Materials Research Bulletin},
   volume = {11},
   number = {2},
   pages = {203-220},
   ISSN = {0025-5408},
   DOI = {10.1016/0025-5408(76)90077-5},
   url = {<Go to ISI>://WOS:A1976BD53700014},
   year = {1976},
   type = {Journal Article}
}

@article{RN8,
   author = {Hainovsky, N. and Maier, J.},
   title = {SIMPLE PHENOMENOLOGICAL APPROACH TO PREMELTING AND SUBLATTICE MELTING IN FRENKEL DISORDERED IONIC-CRYSTALS},
   journal = {Physical Review B},
   volume = {51},
   number = {22},
   pages = {15789-15797},
   ISSN = {0163-1829},
   DOI = {10.1103/PhysRevB.51.15789},
   url = {<Go to ISI>://WOS:A1995RD55200010},
   year = {1995},
   type = {Journal Article}
}

@article{RN35,
   author = {Hayashi, A. and Noi, K. and Sakuda, A. and Tatsumisago, M.},
   title = {Superionic glass-ceramic electrolytes for room-temperature rechargeable sodium batteries},
   journal = {Nature Communications},
   volume = {3},
   pages = {5},
   ISSN = {2041-1723},
   DOI = {10.1038/ncomms1843},
   url = {<Go to ISI>://WOS:000304611400051},
   year = {2012},
   type = {Journal Article}
}

@phdthesis{RN74,
   author = {Heath, Jennifer},
   title = {Beyond Lithium: Atomic-Scale Insights Into Cathode Materials For Sodium And Magnesium Rechargable Batteries},
   university = {University of Bath},
   year = {2017},
   type = {Thesis}
}

@article{RN69,
   author = {Hippler, K. and Sitta, S. and Vogt, P. and Sabrowsky, H.},
   title = {STRUCTURE OF NA3OCL},
   journal = {Acta Crystallographica Section C-Crystal Structure Communications},
   volume = {46},
   pages = {736-738},
   ISSN = {0108-2701},
   DOI = {10.1107/s010827018900990x},
   url = {<Go to ISI>://WOS:A1990DH62600003},
   year = {1990},
   type = {Journal Article}
}

@article{RN29,
   author = {Hueso, K. B. and Armand, M. and Rojo, T.},
   title = {High temperature sodium batteries: status, challenges and future trends},
   journal = {Energy \& Environmental Science},
   volume = {6},
   number = {3},
   pages = {734-749},
   ISSN = {1754-5692},
   DOI = {10.1039/c3ee24086j},
   url = {<Go to ISI>://WOS:000315165700005},
   year = {2013},
   type = {Journal Article}
}

@article{RN18,
   author = {Inakuma, Yoshiyuki and Liquan, Chen and Itoh, Mitsuru and Nakamura, Tetsurō and Uchida, Takashi and Ikuta, Hiromasa and Wakihara, Masataka},
   title = {High ionic conductivity in lithium lanthanum titanate},
   journal = {Solid State Communications},
   volume = {86},
   pages = {689-693},
   year = {1993},
   type = {Journal Article}
}

@article{RN47,
   author = {Inoue, T. and Mukai, K.},
   title = {Are All-Solid-State Lithium-Ion Batteries Really Safe?-Verification by Differential Scanning Calorimetry with an All-Inclusive Microcell},
   journal = {Acs Applied Materials \& Interfaces},
   volume = {9},
   number = {2},
   pages = {1507-1515},
   ISSN = {1944-8244},
   DOI = {10.1021/acsami.6b13224},
   url = {<Go to ISI>://WOS:000392458300037},
   year = {2017},
   type = {Journal Article}
}

@article{RN43,
   author = {Janek, J. and Zeier, W. G.},
   title = {A solid future for battery development},
   journal = {Nature Energy},
   volume = {1},
   pages = {4},
   ISSN = {2058-7546},
   DOI = {10.1038/nenergy.2016.141},
   url = {<Go to ISI>://WOS:000394785800001},
   year = {2016},
   type = {Journal Article}
}

@article{RN34,
   author = {Jolley, A. G. and Taylor, D. D. and Schreiber, N. J. and Wachsman, E. D.},
   title = {Structural Investigation of Monoclinic-Rhombohedral Phase Transition in Na3Zr2Si2PO12 and Doped NASICON},
   journal = {Journal of the American Ceramic Society},
   volume = {98},
   number = {9},
   pages = {2902-2907},
   ISSN = {0002-7820},
   DOI = {10.1111/jace.13692},
   url = {<Go to ISI>://WOS:000362229400040},
   year = {2015},
   type = {Journal Article}
}

@article{RN24,
   author = {Kamaya, N. and Homma, K. and Yamakawa, Y. and Hirayama, M. and Kanno, R. and Yonemura, M. and Kamiyama, T. and Kato, Y. and Hama, S. and Kawamoto, K. and Mitsui, A.},
   title = {A lithium superionic conductor},
   journal = {Nature Materials},
   volume = {10},
   number = {9},
   pages = {682-686},
   ISSN = {1476-1122},
   DOI = {10.1038/nmat3066},
   url = {<Go to ISI>://WOS:000294156800012},
   year = {2011},
   type = {Journal Article}
}

@article{RN25,
   author = {Kato, Y. and Kawamoto, K. and Kanno, R. and Hirayama, M.},
   title = {Discharge Performance of All-Solid-State Battery Using a Lithium Superionic Conductor Li10GeP2S12},
   journal = {Electrochemistry},
   volume = {80},
   number = {10},
   pages = {749-751},
   ISSN = {1344-3542},
   DOI = {10.5796/electrochemistry.80.749},
   url = {<Go to ISI>://WOS:000309802400016},
   year = {2012},
   type = {Journal Article}
}

@article{RN14,
   author = {Kelly, I.E. and Owen, J.R. and Steele, B.C.H.},
   title = {Poly(ethylene oxide) electrolytes for operation at near room temperature},
   journal = {Journal of Power Sources},
   volume = {13},
   pages = {13-21},
   year = {1985},
   type = {Journal Article}
}

@article{RN81,
  title={Electronic structure, thermomechanical and phonon properties of inverse perovskite oxide (Na3OCl): An ab initio study},
  author={Khandy, Shakeel Ahmad and Islam, Ishtihadah and Laref, Amel and Gogolin, Mathias and Hafiz, Aurangzeb K and Siddiqui, Azher M},
  journal={International Journal of Energy Research},
  volume={44},
  number={4},
  pages={2594--2603},
  year={2020},
  publisher={Wiley Online Library}
}

@article{RN67,
   author = {Kim, K. and Siegel, D. J.},
   title = {Correlating lattice distortions, ion migration barriers, and stability in solid electrolytes},
   journal = {Journal of Materials Chemistry A},
   volume = {7},
   number = {7},
   pages = {3216-3227},
   ISSN = {2050-7488},
   DOI = {10.1039/c8ta10989c},
   url = {<Go to ISI>://WOS:000458682100027},
   year = {2019},
   type = {Journal Article}
}

@article{RN18,
   author = {Klemps, C. and Payet, E. and Magna, L. and Saussine, L. and Le Goff, X. F. and Le Floch, P.},
   title = {PCNCP Ligands in the Chromium-Catalyzed Oligomerization of Ethylene: Tri- versus Tetramerization},
   journal = {Chemistry-a European Journal},
   volume = {15},
   number = {33},
   pages = {8259-8268},
   ISSN = {0947-6539},
   DOI = {10.1002/chem.200900986},
   url = {<Go to ISI>://WOS:000269231800019},
   year = {2009},
   type = {Journal Article}
}

@article{RN45,
  title={Capacity fade in solid-state batteries: interphase formation and chemomechanical processes in nickel-rich layered oxide cathodes and lithium thiophosphate solid electrolytes},
  author={Koerver, Raimund and Aygun, Isabel and Leichtwei{\ss}, Thomas and Dietrich, Christian and Zhang, Wenbo and Binder, Jan O and Hartmann, Pascal and Zeier, Wolfgang G and Janek, Jürgen},
  journal={Chemistry of Materials},
  volume={29},
  number={13},
  pages={5574--5582},
  year={2017},
  publisher={ACS Publications}
}

@article{RN44,
   author = {Koerver, R. and Zhang, W. B. and de Biasi, L. and Schweidler, S. and Kondrakov, A. O. and Kolling, S. and Brezesinski, T. and Hartmann, P. and Zeier, W. G. and Janek, J.},
   title = {Chemo-mechanical expansion of lithium electrode materials - on the route to mechanically optimized all-solid-state batteries},
   journal = {Energy \& Environmental Science},
   volume = {11},
   number = {8},
   pages = {2142-2158},
   ISSN = {1754-5692},
   DOI = {10.1039/c8ee00907d},
   url = {<Go to ISI>://WOS:000442262900022},
   year = {2018},
   type = {Journal Article}
}

@article{RN36,
   author = {Krauskopf, T. and Culver, S. P. and Zeier, W. G.},
   title = {Local Tetragonal Structure of the Cubic Superionic Conductor Na3PS4},
   journal = {Inorganic Chemistry},
   volume = {57},
   number = {8},
   pages = {4739-4744},
   ISSN = {0020-1669},
   DOI = {10.1021/acs.inorgchem.8b00458},
   url = {<Go to ISI>://WOS:000430437400058},
   year = {2018},
   type = {Journal Article}
}

@misc{RN12,
  title={Thermo-electric generator},
  author={Kummer, Joseph T and Weber, Neill},
  year={1969},
  month=jul # "~29",
  publisher={Google Patents},
  note={US Patent 3,458,356}
}

@article{RN48,
   author = {Li, J. C. and Ma, C. and Chi, M. F. and Liang, C. D. and Dudney, N. J.},
   title = {Solid Electrolyte: the Key for High-Voltage Lithium Batteries},
   journal = {Advanced Energy Materials},
   volume = {5},
   number = {4},
   pages = {6},
   ISSN = {1614-6832},
   DOI = {10.1002/aenm.201401408},
   url = {<Go to ISI>://WOS:000350566000010},
   year = {2015},
   type = {Journal Article}
}

@article{RN62,
   author = {Li, Y. T. and Zhou, W. D. and Xin, S. and Li, S. and Zhu, J. L. and Lu, X. J. and Cui, Z. M. and Jia, Q. X. and Zhou, J. S. and Zhao, Y. S. and Goodenough, J. B.},
   title = {Fluorine-Doped Antiperovskite Electrolyte for All-Solid-State Lithium-Ion Batteries},
   journal = {Angewandte Chemie-International Edition},
   volume = {55},
   number = {34},
   pages = {9965-9968},
   ISSN = {1433-7851},
   DOI = {10.1002/anie.201604554},
   url = {<Go to ISI>://WOS:000383373000026},
   year = {2016},
   type = {Journal Article}
}

@article{RN58,
   author = {Lu, X. J. and Howard, J. W. and Chen, A. P. and Zhu, J. L. and Li, S. and Wu, G. and Dowden, P. and Xu, H. W. and Zhao, Y. S. and Jia, Q. X.},
   title = {Antiperovskite Li3OCl Superionic Conductor Films for Solid-State Li-Ion Batteries},
   journal = {Advanced Science},
   volume = {3},
   number = {3},
   pages = {5},
   ISSN = {2198-3844},
   DOI = {10.1002/advs.201500359},
   url = {<Go to ISI>://WOS:000372508400003},
   year = {2016},
   type = {Journal Article}
}

@article{RN41,
   author = {Luntz, A. C. and Voss, J. and Reuter, K.},
   title = {Interfacial Challenges in Solid-State Li Ion Batteries},
   journal = {Journal of Physical Chemistry Letters},
   volume = {6},
   number = {22},
   pages = {4599-4604},
   ISSN = {1948-7185},
   DOI = {10.1021/acs.jpclett.5b02352},
   url = {<Go to ISI>://WOS:000365460700024},
   year = {2015},
   type = {Journal Article}
}

@article{RN6,
   author = {Ma, C. and Chen, K. and Liang, C. D. and Nan, C. W. and Ishikawa, R. and More, K. and Chi, M. F.},
   title = {Atomic-scale origin of the large grain-boundary resistance in perovskite Li-ion-conducting solid electrolytes},
   journal = {Energy \& Environmental Science},
   volume = {7},
   number = {5},
   pages = {1638-1642},
   ISSN = {1754-5692},
   DOI = {10.1039/c4ee00382a},
   url = {<Go to ISI>://WOS:000335013700009},
   year = {2014},
   type = {Journal Article}
}

@article{RN33,
   author = {Ma, Q. L. and Guin, M. and Naqash, S. and Tsai, C. L. and Tietz, F. and Guillon, O.},
   title = {Scandium-Substituted Na3Zr2(SiO4)(2)(PO4) Prepared by a Solution Assisted Solid-State Reaction Method as Sodium-Ion Conductors},
   journal = {Chemistry of Materials},
   volume = {28},
   number = {13},
   pages = {4821-4828},
   ISSN = {0897-4756},
   DOI = {10.1021/acs.chemmater.6b02059},
   url = {<Go to ISI>://WOS:000379704100034},
   year = {2016},
   type = {Journal Article}
}

@article{RN10,
   author = {Manthiram, A. and Yu, X. W. and Wang, S. F.},
   title = {Lithium battery chemistries enabled by solid-state electrolytes},
   journal = {Nature Reviews Materials},
   volume = {2},
   number = {4},
   pages = {16},
   ISSN = {2058-8437},
   DOI = {10.1038/natrevmats.2016.103},
   url = {<Go to ISI>://WOS:000412392400001},
   year = {2017},
   type = {Journal Article}
}

@book{RN4,
   author = {Mehrer, Helmut},
   title = {Diffusion in Solids},
   publisher = {Springer},
   address = {Berlin},
   year = {2007},
   type = {Book}
}

@book{RN49,
   author = {Moore, Elaine A. and Smart, Lesley E.},
   title = {Solid State Chemistry},
   publisher = {CRC Press},
   year = {2020},
   type = {Book}
}

@article{RN76,
   author = {Mott, N. F. and Littleton, M. J.},
   title = {CONDUCTION IN POLAR CRYSTALS .1. ELECTROLYTIC CONDUCTION IN SOLID SALTS (REPRINTED FROM, VOL 34, PG 485, 1938)},
   journal = {Journal of the Chemical Society-Faraday Transactions Ii},
   volume = {85},
   pages = {565-579},
   ISSN = {0300-9238},
   DOI = {10.1039/f29898500565},
   url = {<Go to ISI>://WOS:A1989U835400021},
   year = {1989},
   type = {Journal Article}
}

@article{RN60,
   author = {Mouta, R. and Melo, M. A. B. and Diniz, E. M. and Paschoal, C. W. A.},
   title = {Concentration of Charge Carriers, Migration, and Stability in Li3OCl Solid Electrolytes},
   journal = {Chemistry of Materials},
   volume = {26},
   number = {24},
   pages = {7137-7144},
   ISSN = {0897-4756},
   DOI = {10.1021/cm503717e},
   url = {<Go to ISI>://WOS:000347139700028},
   year = {2014},
   type = {Journal Article}
}

@article{RN79,
  title={Experimental and computational evaluation of a sodium-rich anti-perovskite for solid state electrolytes},
  author={Nguyen, Han and Hy, Sunny and Wu, Erik and Deng, Zhi and Samiee, Mojtaba and Yersak, Thomas and Luo, Jian and Ong, Shyue Ping and Meng, Ying Shirley},
  journal={Journal of The Electrochemical Society},
  volume={163},
  number={10},
  pages={A2165},
  year={2016},
  publisher={IOP Publishing}
}

@article{RN77,
  title={Enhancement of the high-rate capability of solid-state lithium batteries by nanoscale interfacial modification},
  author={Ohta, Narumi and Takada, Kazunori and Zhang, Lianqi and Ma, Renzhi and Osada, Minoru and Sasaki, Takayoshi},
  journal={Advanced Materials},
  volume={18},
  number={17},
  pages={2226--2229},
  year={2006},
  publisher={Wiley Online Library}
}

@article{RN78,
  title={Computational predictions of stable phase for antiperovskite Na 3 OCl via tilting of Na 6 O octahedra},
  author={Pham, Tan-Lien and Samad, Abdus and Kim, Hye Jung and Shin, Young-Han},
  journal={Journal of Applied Physics},
  volume={124},
  number={16},
  pages={164106},
  year={2018},
  publisher={AIP Publishing LLC}
}

@article{RN42,
   author = {Porz, L. and Swamy, T. and Sheldon, B. W. and Rettenwander, D. and Fromling, T. and Thaman, H. L. and Berendts, S. and Uecker, R. and Carter, W. C. and Chiang, Y. M.},
   title = {Mechanism of Lithium Metal Penetration through Inorganic Solid Electrolytes},
   journal = {Advanced Energy Materials},
   volume = {7},
   number = {20},
   pages = {12},
   ISSN = {1614-6832},
   DOI = {10.1002/aenm.201701003},
   url = {<Go to ISI>://WOS:000413695300024},
   year = {2017},
   type = {Journal Article}
}

@article{RN9,
   author = {Quartarone, Eliana and Mustarelli, Piercarlo},
   title = {Electrolytes for solid-state lithium rechargeable batteries: recent
advances and perspectives},
   journal = {Chemistry Society Reviews},
   volume = {40},
   pages = {2525-2540},
   year = {2010},
   type = {Journal Article}
}

@article{RN82,
  title={Ab initio study of electronic structure, elastic and optical properties of anti-perovskite type alkali metal oxyhalides},
  author={Ramanna, J and Yedukondalu, N and Babu, K Ramesh and Vaitheeswaran, G},
  journal={Solid state sciences},
  volume={20},
  pages={120--126},
  year={2013},
  publisher={Elsevier}
}

@article{RN17,
   author = {Robertson, A. D. and West, A. R. and Ritchie, A. G.},
   title = {Review of crystalline lithium-ion conductors suitable for high temperature battery applications},
   journal = {Solid State Ionics},
   volume = {104},
   number = {1-2},
   pages = {1-11},
   ISSN = {0167-2738},
   DOI = {10.1016/s0167-2738(97)00429-3},
   url = {<Go to ISI>://WOS:000071283400001},
   year = {1997},
   type = {Journal Article}
}

@article{RN65,
   author = {Sabrowsky, Horst and Paszkowski, Karin and Reddig, Dagmar and Vogt, Petra},
   title = {Na3OCl und Na3OBr, die ersten Alkalimetallchalkogenidhalogenide / Na3OCl and Na3OBr, the First Alkali Metal Chalcogenide Halides},
   journal = {Zeitschrift für Naturforschung B},
   volume = {43},
   pages = {238-239},
   year = {1988},
   type = {Journal Article}
}

@article{RN84,
  title={The structural stability, lattice dynamics, electronic, thermophysical, and mechanical properties of the inverse perovskites A3OX: A comparative first-principles study},
  author={Sattar, Muhammad A and Javed, Mehreen and Benkraouda, Maamar and Amrane, Noureddine},
  journal={International Journal of Energy Research},
  year={2020},
  publisher={Wiley Online Library}
}

@article{RN50,
  title={Self-Diffusion in Perovskite and Perovskite Related Oxides: Insights from Modelling},
  author={Sgourou, Efstratia N and Panayiotatos, Yerasimos and Davazoglou, Konstantinos and Solovjov, Andrei L and Vovk, Ruslan V and Chroneos, Alexander},
  journal={Applied Sciences},
  volume={10},
  number={7},
  pages={2286},
  year={2020},
  publisher={Multidisciplinary Digital Publishing Institute}
}

@article{RN51,
   author = {Stramare, S. and Thangadurai, V. and Weppner, W.},
   title = {Lithium lanthanum titanates: A review},
   journal = {Chemistry of Materials},
   volume = {15},
   number = {21},
   pages = {3974-3990},
   ISSN = {0897-4756},
   DOI = {10.1021/cm0300516},
   url = {<Go to ISI>://WOS:000186050800006},
   year = {2003},
   type = {Journal Article}
}

@article{RN70,
   author = {Sun, Y. L. and Wang, Y. C. and Liang, X. M. and Xia, Y. H. and Peng, L. F. and Jia, H. H. and Li, H. X. and Bai, L. F. and Feng, J. W. and Jiang, H. and Xie, J.},
   title = {Rotational Cluster Anion Enabling Superionic Conductivity in Sodium-Rich Antiperovskite Na3OBH4},
   journal = {Journal of the American Chemical Society},
   volume = {141},
   number = {14},
   pages = {5640-5644},
   ISSN = {0002-7863},
   DOI = {10.1021/jacs.9b01746},
   url = {<Go to ISI>://WOS:000464769000012},
   year = {2019},
   type = {Journal Article}
}

@article{RN46,
   author = {Takada, K.},
   title = {Progress and prospective of solid-state lithium batteries},
   journal = {Acta Materialia},
   volume = {61},
   number = {3},
   pages = {759-770},
   ISSN = {1359-6454},
   DOI = {10.1016/j.actamat.2012.10.034},
   url = {<Go to ISI>://WOS:000315075500004},
   year = {2013},
   type = {Journal Article}
}

@article{RN22,
   author = {Thangadurai, V. and Kaack, H. and Weppner, W. J. F.},
   title = {Novel fast lithium ion conduction in garnet-type Li5La3M2O12 (M = Nb, Ta)},
   journal = {Journal of the American Ceramic Society},
   volume = {86},
   number = {3},
   pages = {437-440},
   ISSN = {0002-7820},
   DOI = {10.1111/j.1151-2916.2003.tb03318.x},
   url = {<Go to ISI>://WOS:000181778200010},
   year = {2003},
   type = {Journal Article}
}

@article{RN23,
   author = {Thangadurai, V. and Weppner, W.},
   title = {Li(6)ALa(2)Ta(2)O(12) (A=Sr, Ba): Novel garnet-like oxides for fast lithium ion conduction},
   journal = {Advanced Functional Materials},
   volume = {15},
   number = {1},
   pages = {107-112},
   ISSN = {1616-301X},
   DOI = {10.1002/adfm.200400044},
   url = {<Go to ISI>://WOS:000226705500014},
   year = {2005},
   type = {Journal Article}
}

@article{RN32,
   author = {Vogel, E. M. and Cava, R. J. and Rietman, E.},
   title = {NA+ ION CONDUCTIVITY AND CRYSTALLOGRAPHIC CELL CHARACTERIZATION IN THE HF-NASICON SYSTEM NA1+XHF2SIXP3-XO12},
   journal = {Solid State Ionics},
   volume = {14},
   number = {1},
   pages = {1-6},
   ISSN = {0167-2738},
   DOI = {10.1016/0167-2738(84)90002-x},
   url = {<Go to ISI>://WOS:A1984TJ78300001},
   year = {1984},
   type = {Journal Article}
}

@unpublished{RN85, 
  title={Computational Material Design fro Solid-State Ionic Conductors}, 
  journal={2020 Virtual MRS Spring/Fall Meeting \& Exhibit}, 
  author={Wang, Yan Eric}}

@article{RN72,
  title={A first principle study of the phase stability, ion transport and substitution strategy for highly ionic conductive sodium antipervoskite as solid electrolyte for sodium ion batteries},
  author={Wan, Ting Hei and Lu, Ziheng and Ciucci, Francesco},
  journal={Journal of Power Sources},
  volume={390},
  pages={61--70},
  year={2018},
  publisher={Elsevier}
}

@article{RN68,
   author = {Wang, Y. G. and Wang, Q. F. and Liu, Z. P. and Zhou, Z. Y. and Li, S. and Zhu, J. L. and Zou, R. Q. and Wang, Y. X. and Lin, J. H. and Zhao, Y. S.},
   title = {Structural manipulation approaches towards enhanced sodium ionic conductivity in Na-rich antiperovskites},
   journal = {Journal of Power Sources},
   volume = {293},
   pages = {735-740},
   ISSN = {0378-7753},
   DOI = {10.1016/j.jpowsour.2015.06.002},
   url = {<Go to ISI>://WOS:000358809700087},
   year = {2015},
   type = {Journal Article}
}

@article{RN5,
   author = {Wang, Y. and Richards, W. D. and Ong, S. P. and Miara, L. J. and Kim, J. C. and Mo, Y. F. and Ceder, G.},
   title = {Design principles for solid-state lithium superionic conductors},
   journal = {Nature Materials},
   volume = {14},
   number = {10},
   pages = {1026-+},
   ISSN = {1476-1122},
   DOI = {10.1038/nmat4369},
   url = {<Go to ISI>://WOS:000361771800023},
   year = {2015},
   type = {Journal Article}
}

@article{RN26,
   author = {Wenzel, S. and Randau, S. and Leichtweiss, T. and Weber, D. A. and Sann, J. and Zeier, W. G. and Janek, J.},
   title = {Direct Observation of the Interfacial Instability of the Fast Ionic Conductor Li10GeP2S12 at the Lithium Metal Anode},
   journal = {Chemistry of Materials},
   volume = {28},
   number = {7},
   pages = {2400-2407},
   ISSN = {0897-4756},
   DOI = {10.1021/acs.chemmater.6b00610},
   url = {<Go to ISI>://WOS:000374196000055},
   year = {2016},
   type = {Journal Article}
}

@article{RN16,
   author = {Wu, M. F. and Wen, Z. Y. and Liu, Y. and Wang, X. Y. and Huang, L. Z.},
   title = {Electrochemical behaviors of a Li3N modified Li metal electrode in secondary lithium batteries},
   journal = {Journal of Power Sources},
   volume = {196},
   number = {19},
   pages = {8091-8097},
   ISSN = {0378-7753},
   DOI = {10.1016/j.jpowsour.2011.05.035},
   url = {<Go to ISI>://WOS:000294033000026},
   year = {2011},
   type = {Journal Article}
}

@article{RN38,
   author = {Zhang, L. and Yang, K. and Mi, J. L. and Lu, L. and Zhao, L. R. and Wang, L. M. and Li, Y. M. and Zeng, H.},
   title = {Na3PSe4: A Novel Chalcogenide Solid Electrolyte with High Ionic Conductivity},
   journal = {Advanced Energy Materials},
   volume = {5},
   number = {24},
   pages = {5},
   ISSN = {1614-6832},
   DOI = {10.1002/aenm.201501294},
   url = {<Go to ISI>://WOS:000367218400005},
   year = {2015},
   type = {Journal Article}
}

@article{RN39,
   author = {Zhang, Z. and Ramos, E. and Lalere, F. and Assoud, A. and Kaup, K. and Hartman, P. and Nazar, L. F.},
   title = {Na11Sn2PS12: a new solid state sodium superionic conductor},
   journal = {Energy \& Environmental Science},
   volume = {11},
   number = {1},
   pages = {87-93},
   ISSN = {1754-5692},
   DOI = {10.1039/c7ee03083e},
   url = {<Go to ISI>://WOS:000423017000007},
   year = {2018},
   type = {Journal Article}
}

@article{RN3,
  title={New horizons for inorganic solid state ion conductors},
  author={Zhang, Zhizhen and Shao, Yuanjun and Lotsch, Bettina and Hu, Yong-Sheng and Li, Hong and Janek, J{\"u}rgen and Nazar, Linda F and Nan, Ce-Wen and Maier, Joachim and Armand, Michel and others},
  journal={Energy \& Environmental Science},
  volume={11},
  number={8},
  pages={1945--1976},
  year={2018},
  publisher={Royal Society of Chemistry}
}

@article{RN52,
   author = {Zhao, Y. S. and Daemen, L. L.},
   title = {Superionic Conductivity in Lithium-Rich Anti-Perovskites},
   journal = {Journal of the American Chemical Society},
   volume = {134},
   number = {36},
   pages = {15042-15047},
   ISSN = {0002-7863},
   DOI = {10.1021/ja305709z},
   url = {<Go to ISI>://WOS:000308574800063},
   year = {2012},
   type = {Journal Article}
}

@article{RN66,
   author = {Zhu, J. L. and Wang, Y. G. and Li, S. and Howard, J. W. and Neuefeind, J. and Ren, Y. and Wang, H. and Liang, C. D. and Yang, W. G. and Zou, R. Q. and Jin, C. Q. and Zhao, Y. S.},
   title = {Sodium Ion Transport Mechanisms in Antiperovskite Electrolytes Na3OBr and Na4OI2: An in Situ Neutron Diffraction Study},
   journal = {Inorganic Chemistry},
   volume = {55},
   number = {12},
   pages = {5993-5998},
   ISSN = {0020-1669},
   DOI = {10.1021/acs.inorgchem.6b00444},
   url = {<Go to ISI>://WOS:000378369900034},
   year = {2016},
   type = {Journal Article}
}

@article{RN37,
   author = {Zhu, Z. Y. and Chu, I. H. and Deng, Z. and Ong, S. P.},
   title = {Role of Na+ Interstitials and Dopants in Enhancing the Na+ Conductivity of the Cubic Na3PS4 Superionic Conductor},
   journal = {Chemistry of Materials},
   volume = {27},
   number = {24},
   pages = {8318-8325},
   ISSN = {0897-4756},
   DOI = {10.1021/acs.chemmater.5b03656},
   url = {<Go to ISI>://WOS:000367562000019},
   year = {2015},
   type = {Journal Article}
}

@article{RN83,
  title={Lattice dynamics of antiperovskite structure compounds a3ox (a= na, k; x= ci, br)},
  author={Zinenko, VI and Zamkova, NG},
  journal={Ferroelectrics},
  volume={265},
  number={1},
  pages={23--29},
  year={2002},
  publisher={Taylor \& Francis}
}

@article{RN64,
   author = {Zintl, E. and Morawietz, W.},
   title = {Orthosalze von Sauerstoffsäuren},
   journal = {Zeitschrift für anorganische und allgemeine Chemie},
   volume = {236},
   number = {1},
   pages = {372-410},
   year = {1938},
   type = {Journal Article}
}

