@article{ahiavi2020,
   author = {Ahiavi, E. and Dawson, J. A. and Kudu, U. and Courty, M. and Islam, M. S. and Clemens, O. and Masquelier, C. and Famprikis, T.},
   title = {Mechanochemical synthesis and ion transport properties of Na3OX (X = Cl, Br, I and BH4) antiperovskite solid electrolytes},
   journal = {Journal of Power Sources},
   volume = {471},
   pages = {9},
   ISSN = {0378-7753},
   DOI = {10.1016/j.jpowsour.2020.228489},
   url = {<Go to ISI>://WOS:000551511800031},
   year = {2020},
   type = {Journal Article}
}

@article{anantharamulu2011,
  title={A wide-ranging review on Nasicon type materials},
  author={Anantharamulu, N and Rao, K Koteswara and Rambabu, G and Kumar, B Vijaya and Radha, Velchuri and Vithal, M},
  journal={Journal of Materials Science},
  volume={46},
  number={9},
  pages={2821--2837},
  year={2011},
  publisher={Springer}
}

@article{aono1990,
   author = {Aono, H. and Sugimoto, E. and Sadaoka, Y. and Imanaka, N. and Adachi, G.},
   title = {IONIC-CONDUCTIVITY OF SOLID ELECTROLYTES BASED ON LITHIUM TITANIUM PHOSPHATE},
   journal = {Journal of the Electrochemical Society},
   volume = {137},
   number = {4},
   pages = {1023-1027},
   ISSN = {0013-4651},
   DOI = {10.1149/1.2086597},
   url = {<Go to ISI>://WOS:A1990CX65600002},
   year = {1990},
   type = {Journal Article}
}

@article{aono1989,
   author = {Aono, H. and Sugimoto, E. and Sadaoka, Y. and Imanaka, N. and Adachi, G. Y.},
   title = {IONIC-CONDUCTIVITY OF THE LITHIUM TITANIUM PHOSPHATE (LI1+XALXTI2-X(PO4)3), (LI1+XSCXTI2-X(PO4)3), (LI1+XYXTI2-X(PO4)3), (LI1+XLAXTI2-X(PO4)3 SYSTEMS},
   journal = {Journal of the Electrochemical Society},
   volume = {136},
   number = {2},
   pages = {590-591},
   ISSN = {0013-4651},
   DOI = {10.1149/1.2096693},
   url = {<Go to ISI>://WOS:A1989T291400062},
   year = {1989},
   type = {Journal Article}
}

@article{armand2008,
  title={Building better batteries},
  author={Armand, Michel and Tarascon, J-M},
  journal={Nature Materials},
  volume={451},
  number={7179},
  pages={652--657},
  year={2008},
  publisher={Nature Publishing Group}
}

@article{avdontceva2015,
  title={Order--disorder phase transition in the antiperovskite-type structure of synthetic kogarkoite, Na3SO4F},
  author={Avdontceva, Margarita S and Zolotarev, Andrey A and Krivovichev, Sergey V},
  journal={Journal of Solid State Chemistry},
  volume={231},
  pages={42--46},
  year={2015},
  publisher={Elsevier}
}

@article{bates1992,
   author = {Bates, J.B. and Dudney, N.J. and Gruzalski, G.R. and Zuhr, R.A. and Choudhury, A. and Luck, C.F. and Robertson, J.D.},
   title = {Electrical properties of amorphous lithium electrolyte thin films},
   journal = {Solid State Ionics},
   volume = {53-56},
   number = {647-654},
   year = {1992},
   type = {Journal Article}
}

@article{bachman2016,
   author = {Bachman, J. C. and Muy, S. and Grimaud, A. and Chang, H. H. and Pour, N. and Lux, S. F. and Paschos, O. and Maglia, F. and Lupart, S. and Lamp, P. and Giordano, L. and Shao-Horn, Y.},
   title = {Inorganic Solid-State Electrolytes for Lithium Batteries: Mechanisms and Properties Governing Ion Conduction},
   journal = {Chemical Reviews},
   volume = {116},
   number = {1},
   pages = {140-162},
   ISSN = {0009-2665},
   DOI = {10.1021/acs.chemrev.5b00563},
   url = {<Go to ISI>://WOS:000368323200004},
   year = {2016},
   type = {Journal Article}
}

@article{banerjee2016,
  title={Na3SbS4: a solution processable sodium superionic conductor for all-solid-state sodium-ion batteries},
  author={Banerjee, Abhik and Park, Kern Ho and Heo, Jongwook W and Nam, Young Jin and Moon, Chang Ki and Oh, Seung M and Hong, Seung-Tae and Jung, Yoon Seok},
  journal={Angewandte Chemie},
  volume={128},
  number={33},
  pages={9786--9790},
  year={2016},
  publisher={Wiley Online Library}
}

@article{bhalla2000,
   author = {Bhalla, A. S. and Guo, R. Y. and Roy, R.},
   title = {The perovskite structure - a review of its role in ceramic science and technology},
   journal = {Materials Research Innovations},
   volume = {4},
   number = {1},
   pages = {3-26},
   ISSN = {1432-8917},
   DOI = {10.1007/s100190000062},
   url = {<Go to ISI>://WOS:000165743700002},
   year = {2000},
   type = {Journal Article}
}

@article{bielefeld2019,
   author = {Bielefeld, A. and Weber, D. A. and Janek, J.},
   title = {Microstructural Modeling of Composite Cathodes for All-Solid-State Batteries},
   journal = {Journal of Physical Chemistry C},
   volume = {123},
   number = {3},
   pages = {1626-1634},
   ISSN = {1932-7447},
   DOI = {10.1021/acs.jpcc.8b11043},
   url = {<Go to ISI>://WOS:000457067500013},
   year = {2019},
   type = {Journal Article}
}

@phdthesis{binks1994,
  author  = {Binks, D. J.},
  title   = {Computational Modelling of Zinc Oxide and Related Oxide Ceramics},
  school  = {University of Surrey},
  address = {Guildford, UK},
  year    = {1994}
}

@article{bo2016,
  title={Structural and Na-ion conduction characteristics of Na 3 PS x Se 4- x},
  author={Bo, Shou-Hang and Wang, Yan and Ceder, Gerbrand},
  journal={Journal of Materials Chemistry A},
  volume={4},
  number={23},
  pages={9044--9053},
  year={2016},
  publisher={Royal Society of Chemistry}
}

@article{braga2016a,
  title={Electric dipoles and ionic conductivity in a Na+ glass electrolyte},
  author={Braga, M Helena and Ferreira, Jorge A and Murchison, Andrew J and Goodenough, John B},
  journal={Journal of The Electrochemical Society},
  volume={164},
  number={2},
  pages={A207},
  year={2016},
  publisher={IOP Publishing}
}

@article{braga2014,
   author = {Braga, M. H. and Ferreira, J. A. and Stockhausen, V. and Oliveira, J. E. and El-Azab, A.},
   title = {Novel Li3ClO based glasses with superionic properties for lithium batteries},
   journal = {Journal of Materials Chemistry A},
   volume = {2},
   number = {15},
   pages = {5470-5480},
   ISSN = {2050-7488},
   DOI = {10.1039/c3ta15087a},
   url = {<Go to ISI>://WOS:000333101600039},
   year = {2014},
   type = {Journal Article}
}

@article{braga2017,
   author = {Braga, M. H. and Grundish, N. S. and Murchison, A. J. and Goodenough, J. B.},
   title = {Alternative strategy for a safe rechargeable battery},
   journal = {Energy \& Environmental Science},
   volume = {10},
   number = {1},
   pages = {331-336},
   ISSN = {1754-5692},
   DOI = {10.1039/c6ee02888h},
   url = {<Go to ISI>://WOS:000395208000030},
   year = {2017},
   type = {Journal Article}
}

@article{braga2016b,
   author = {Braga, M. H. and Murchison, A. J. and Ferreira, J. A. and Singh, P. and Goodenough, J. B.},
   title = {Glass-amorphous alkali-ion solid electrolytes and their performance in symmetrical cells},
   journal = {Energy \& Environmental Science},
   volume = {9},
   number = {3},
   pages = {948-954},
   ISSN = {1754-5692},
   DOI = {10.1039/c5ee02924d},
   url = {<Go to ISI>://WOS:000372243600024},
   year = {2016},
   type = {Journal Article}
}

@article{brant2015,
   author = {Brant, J. A. and Massi, D. M. and Holzwarth, N. A. W. and MacNeil, J. H. and Douvalis, A. P. and Bakas, T. and Martin, S. W. and Gross, M. D. and Aitken, J. A.},
   title = {Fast Lithium Ion Conduction in Li2SnS3: Synthesis, Physicochemical Characterization, and Electronic Structure},
   journal = {Chemistry of Materials},
   volume = {27},
   number = {1},
   pages = {189-196},
   ISSN = {0897-4756},
   DOI = {10.1021/cm5037524},
   url = {<Go to ISI>://WOS:000348085300025},
   year = {2015},
   type = {Journal Article}
}

@article{buckingham1938,
  title={The classical equation of state of gaseous helium, neon and argon},
  author={Buckingham, Richard A},
  journal={Proceedings of the Royal Society of London. Series A. Mathematical and Physical Sciences},
  volume={168},
  number={933},
  pages={264--283},
  year={1938},
  publisher={The Royal Society London}
}

@article{bush1995,
  title={Evolutionary programming techniques for predicting inorganic crystal structures},
  author={Bush, TS and Catlow, C Rchard A and Battle, PD},
  journal={Journal of Materials Chemistry},
  volume={5},
  number={8},
  pages={1269--1272},
  year={1995},
  publisher={The Royal Society of Chemistry}
}

@article{cao2014,
  title={Recent advances in inorganic solid electrolytes for lithium batteries},
  author={Cao, Can and Li, Zhuo-Bin and Wang, Xiao-Liang and Zhao, Xin-Bing and Han, Wei-Qiang},
  journal={Frontiers in Energy Research},
  volume={2},
  pages={25},
  year={2014},
  publisher={Frontiers}
}

@article{catlow1977,
  title={Interionic potentials for alkali halides},
  author={Catlow, CRA and Diller, KM and Norgett, MJ},
  journal={Journal of Physics C: Solid State Physics},
  volume={10},
  number={9},
  pages={1395},
  year={1977},
  publisher={IOP Publishing}
}

@book{catlow1997,
   author = {Catlow, C. R. A.},
   title = {Computer Modeling in Inorganic Crystallography},
   publisher = {Academic Press: San Diego},
   year = {1997},
   type = {Book}
}

@book{catlow2013,
  title={Computational approaches to energy materials},
  author={Catlow, Richard and Sokol, Alexey and Walsh, Aron},
  year={2013},
  publisher={John Wiley \& Sons}
}

@article{chen2015,
  title={Anharmonicity and phase stability of antiperovskite Li 3 OCl},
  author={Chen, Min-Hua and Emly, Alexandra and Van der Ven, Anton},
  journal={Physical Review B},
  volume={91},
  number={21},
  pages={214306},
  year={2015},
  publisher={APS}
}

@article{chowdari1989,
   author = {Chowdari, B. V. R. and Radhakrishnan, K. and Thomas, K. A. and Rao, G. V. S.},
   title = {IONIC-CONDUCTIVITY STUDIES ON LI1-XM2-XMX'P3O12 (M=HF, ZR - M' =TI, NB)},
   journal = {Materials Research Bulletin},
   volume = {24},
   number = {2},
   pages = {221-229},
   ISSN = {0025-5408},
   DOI = {10.1016/0025-5408(89)90129-3},
   url = {<Go to ISI>://WOS:A1989T256500013},
   year = {1989},
   type = {Journal Article}
}

@article{chu2012,
  title={Opportunities and challenges for a sustainable energy future},
  author={Chu, Steven and Majumdar, Arun},
  journal={Nature Materials},
  volume={488},
  number={7411},
  pages={294--303},
  year={2012},
  publisher={Nature Publishing Group}
}

@article{chu2016,
  title={Room-temperature all-solid-state rechargeable sodium-ion batteries with a Cl-doped Na 3 PS 4 superionic conductor},
  author={Chu, Iek-Heng and Kompella, Christopher S and Nguyen, Han and Zhu, Zhuoying and Hy, Sunny and Deng, Zhi and Meng, Ying Shirley and Ong, Shyue Ping},
  journal={Scientific Reports},
  volume={6},
  number={1},
  pages={1--10},
  year={2016},
  publisher={Nature Publishing Group}
}

@article{chu2017,
  title={The path towards sustainable energy},
  author={Chu, Steven and Cui, Yi and Liu, Nian},
  journal={Nature Materials},
  volume={16},
  number={1},
  pages={16--22},
  year={2017},
  publisher={Nature Publishing Group}
}

@article{clarke2021,
  title={Atomistic Insights into the Effects of Doping and Vacancy Clustering on Li-Ion Conduction in the Li3OCl Antiperovskite Solid Electrolyte},
  author={Clarke, Matt J and Dawson, James A and Mays, Timothy J and Islam, M Saiful},
  journal={ACS Applied Energy Materials},
  volume={4},
  number={5},
  pages={5094--5100},
  year={2021},
  publisher={ACS Publications}
}

@article{coetzeer1986,
   author = {Coetzer, J},
   title = {A new high energy density battery system},
   journal = {Journal of Power Sources},
   volume = {18},
   pages = {377-380},
   year = {1986},
   type = {Journal Article}
}

@article{darco1997,
  title={Defect and dopant properties of the oxyfluoride superconductor Sr 2 CuO 2 F 2+ $\delta$ s},
  author={D'arco, S and Islam, MS},
  journal={Physical Review B},
  volume={55},
  number={5},
  pages={3141},
  year={1997},
  publisher={APS}
}

@article{dawson2018a,
   author = {Dawson, J. A. and Attari, T. S. and Chen, H. R. and Emge, S. P. and Johnston, K. E. and Islam, M. S.},
   title = {Elucidating lithium-ion and proton dynamics in anti-perovskite solid electrolytes},
   journal = {Energy \& Environmental Science},
   volume = {11},
   number = {10},
   pages = {2993-3002},
   ISSN = {1754-5692},
   DOI = {10.1039/c8ee00779a},
   url = {<Go to ISI>://WOS:000448339100023},
   year = {2018},
   type = {Journal Article}
}

@article{dawson2018b,
   author = {Dawson, J. A. and Canepa, P. and Famprikis, T. and Masquelier, C. and Islam, M. S.},
   title = {Atomic-Scale Influence of Grain Boundaries on Li-Ion Conduction in Solid Electrolytes for All-Solid-State Batteries},
   journal = {Journal of the American Chemical Society},
   volume = {140},
   number = {1},
   pages = {362-368},
   ISSN = {0002-7863},
   DOI = {10.1021/jacs.7b10593},
   url = {<Go to ISI>://WOS:000422813300065},
   year = {2018},
   type = {Journal Article}
}

@article{dawson2018c,
   author = {Dawson, James A. and Chen, Hungru and Islam, M. Saiful},
   title = {Composition Screening of Lithium- and Sodium-Rich Anti-Perovskites for Fast-Conducting Solid Electrolytes},
   journal = {The Journal of Physical Chemistry C},
   volume = {122},
   number = {42},
   pages = {23978-23984},
   ISSN = {1932-7447},
   DOI = {10.1021/acs.jpcc.8b08208},
   url = {https://doi.org/10.1021/acs.jpcc.8b08208},
   year = {2018},
   type = {Journal Article}
}

@article{dawson2021,
  title={Anti-perovskites for solid-state batteries: recent developments, current challenges and future prospects},
  author={Dawson, James and Famprikis, Theodosios and Johnston, Karen E},
  journal={Journal of Materials Chemistry A},
  year={2021},
  publisher={Royal Society of Chemistry}
}

@article{deklerk2016,
   author = {de Klerk, N. J. J. and Roslon, T. and Wagemaker, M.},
   title = {Diffusion Mechanism of Li Argyrodite Solid Electrolytes for Li-Ion Batteries and Prediction of Optimized Halogen Doping: The Effect of Li Vacancies, Halogens, and Halogen Disorder},
   journal = {Chemistry of Materials},
   volume = {28},
   number = {21},
   pages = {7955-7963},
   ISSN = {0897-4756},
   DOI = {10.1021/acs.chemmater.6b03630},
   url = {<Go to ISI>://WOS:000387518500046},
   year = {2016},
   type = {Journal Article}
}

@article{deng2015,
  title={Structural and mechanistic insights into fast lithium-ion conduction in Li4SiO4--Li3PO4 solid electrolytes},
  author={Deng, Yue and Eames, Christopher and Chotard, Jean-Noel and Lelere, Fabien and Seznec, Vincent and Emge, Steffen and Pecher, Oliver and Grey, Clare P and Masquelier, Christian and Islam, M Saiful},
  journal={Journal of the American Chemical Society},
  volume={137},
  number={28},
  pages={9136--9145},
  year={2015},
  publisher={ACS Publications}
}

@article{deng2016,
   author = {Deng, Z. and Wang, Z. B. and Chu, I. H. and Luo, J. and Ong, S. P.},
   title = {Elastic Properties of Alkali Superionic Conductor Electrolytes from First Principles Calculations},
   journal = {Journal of the Electrochemical Society},
   volume = {163},
   number = {2},
   pages = {A67-A74},
   ISSN = {0013-4651},
   DOI = {10.1149/2.0061602jes},
   url = {<Go to ISI>://WOS:000367324400011},
   year = {2016},
   type = {Journal Article}
}

@article{deng2018,
  title={Crystal structures, local atomic environments, and ion diffusion mechanisms of scandium-substituted sodium superionic conductor (NASICON) solid electrolytes},
  author={Deng, Yue and Eames, Christopher and Nguyen, Long HB and Pecher, Oliver and Griffith, Kent J and Courty, Matthieu and Fleutot, Benoit and Chotard, Jean-Noël and Grey, Clare P and Islam, M Saiful and others},
  journal={Chemistry of Materials},
  volume={30},
  number={8},
  pages={2618--2630},
  year={2018},
  publisher={ACS Publications}
}

@article{desouza2003,
  title={A computational study of cation defects in LaGaO 3},
  author={De Souza, Roger A and Maier, Joachim},
  journal={Physical Chemistry Chemical Physics},
  volume={5},
  number={4},
  pages={740--748},
  year={2003},
  publisher={Royal Society of Chemistry}
}

@article{dick1958,
   author = {Dick, B. G. and Overhauser, A. W.},
   title = {Theory of the Dielectric Constants of Alkali Halide Crystals},
   journal = {Physical Review},
   volume = {112},
   pages = {90},
   year = {1958},
   type = {Journal Article}
}

@article{dunn2011,
  title={Electrical energy storage for the grid: a battery of choices},
  author={Dunn, Bruce and Kamath, Haresh and Tarascon, Jean-Marie},
  journal={Science},
  volume={334},
  number={6058},
  pages={928--935},
  year={2011},
  publisher={American Association for the Advancement of Science}
}

@article{ellis2012,
  title={Sodium and sodium-ion energy storage batteries},
  author={Ellis, Brian L and Nazar, Linda F},
  journal={Current Opinion in Solid State and Materials Science},
  volume={16},
  number={4},
  pages={168--177},
  year={2012},
  publisher={Elsevier}
}

@article{emly2013,
   author = {Emly, A. and Kioupakis, E. and Van der Ven, A.},
   title = {Phase Stability and Transport Mechanisms in Antiperovskite Li3OCl and Li3OBr Superionic Conductors},
   journal = {Chemistry of Materials},
   volume = {25},
   number = {23},
   pages = {4663-4670},
   ISSN = {0897-4756},
   DOI = {10.1021/cm4016222},
   url = {<Go to ISI>://WOS:000328437300003},
   year = {2013},
   type = {Journal Article}
}

@article{evans1985,
  title={The nose--hoover thermostat},
  author={Evans, Denis J and Holian, Brad Lee},
  journal={The Journal of Chemical Physics},
  volume={83},
  number={8},
  pages={4069--4074},
  year={1985},
  publisher={American Institute of Physics}
}

@article{famprikis2019,
   author = {Famprikis, T. and Canepa, P. and Dawson, J. A. and Islam, M. S. and Masquelier, C.},
   title = {Fundamentals of inorganic solid-state electrolytes for batteries},
   journal = {Nature Materials},
   volume = {18},
   number = {12},
   pages = {1278-1291},
   ISSN = {1476-1122},
   DOI = {10.1038/s41563-019-0431-3},
   url = {<Go to ISI>://WOS:000497968400010},
   year = {2019},
   type = {Journal Article}
}

@article{famprikis2020,
  title={Under pressure: mechanochemical effects on structure and ion conduction in the sodium-ion solid electrolyte Na3PS4},
  author={Famprikis, Theodosios and Kudu, O Ulas and Dawson, James A and Canepa, Pieremanuele and Fauth, Francois and Suard, Emmanuelle and Zbiri, Mohamed and Dambournet, Damien and Borkiewicz, Olaf J and Bouyanfif, Houssny and others},
  journal={Journal of the American Chemical Society},
  volume={142},
  number={43},
  pages={18422--18436},
  year={2020},
  publisher={ACS Publications}
}

@article{fan2020,
  title={A Na-rich fluorinated sulfate anti-perovskite with dual doping as solid electrolyte for Na metal solid state batteries},
  author={Fan, Shengsheng and Lei, Meng and Wu, Han and Hu, Jiulin and Yin, Congling and Liang, Tongxiang and Li, Chilin},
  journal={Energy Storage Materials},
  volume={31},
  pages={87--94},
  year={2020},
  publisher={Elsevier}
}

@article{fang2018,
  title={Sodium superionic conductors based on clusters},
  author={Fang, Hong and Jena, Puru},
  journal={ACS Applied Materials \& Interfaces},
  volume={11},
  number={1},
  pages={963--972},
  year={2018},
  publisher={ACS Publications}
}

@article{fanfani1980,
  title={The crystal structure of kogarkoite, Na 3 SO 4 F},
  author={Fanfani, L and Giuseppetti, G and Tadini, C and Zanazzi, PF},
  journal={Mineralogical Magazine},
  volume={43},
  number={330},
  pages={753--759},
  year={1980},
  publisher={Cambridge University Press}
}

@article{faraday1833,
   author = {Faraday, Michael},
   title = {Experimental researches in electricity},
   journal = {Philosophical Transactions of the Royal Society},
   volume = {123},
   pages = {23-54},
   year = {1833},
   type = {Journal Article}
}

@book{frenkel2001,
  title={Understanding molecular simulation: from algorithms to applications},
  author={Frenkel, Daan and Smit, Berend},
  volume={1},
  year={2001},
  publisher={Elsevier}
}

@article{fu2017,
  title={Stabilization of the metastable lead iodide perovskite phase via surface functionalization},
  author={Fu, Yongping and Wu, Tao and Wang, Jue and Zhai, Jianyuan and Shearer, Melinda J and Zhao, Yuzhou and Hamers, Robert J and Kan, Erjun and Deng, Kaiming and Zhu, X-Y and others},
  journal={Nano Letters},
  volume={17},
  number={7},
  pages={4405--4414},
  year={2017},
  publisher={ACS Publications}
}

@article{gale2003,
  title={The general utility lattice program (GULP)},
  author={Gale, Julian D and Rohl, Andrew L},
  journal={Molecular Simulation},
  volume={29},
  number={5},
  pages={291--341},
  year={2003},
  publisher={Taylor \& Francis}
}

@article{gao2018,
  title={Promises, challenges, and recent progress of inorganic solid-state electrolytes for all-solid-state lithium batteries},
  author={Gao, Zhonghui and Sun, Huabin and Fu, Lin and Ye, Fangliang and Zhang, Yi and Luo, Wei and Huang, Yunhui},
  journal={Advanced Materials},
  volume={30},
  number={17},
  pages={1705702},
  year={2018},
  publisher={Wiley Online Library}
}

@article{gao2020,
  title={Mechanism of enhanced ionic conductivity by rotational nitrite group in antiperovskite Na 3 ONO 2},
  author={Gao, Lei and Zhang, Hao and Wang, Yuechao and Li, Shuai and Zhao, Ruo and Wang, Yonggang and Gao, Song and He, Lunhua and Song, Hai-Feng and Zou, Ruqiang and others},
  journal={Journal of Materials Chemistry A},
  volume={8},
  number={40},
  pages={21265--21272},
  year={2020},
  publisher={Royal Society of Chemistry}
}

@article{gao2021,
  title={Hydride-based antiperovskites with soft anionic sublattices as fast alkali ionic conductors},
  author={Gao, Shenghan and Broux, Thibault and Fujii, Susumu and Tassel, C\'edric and Yamamoto, Kentaro and Xiao, Yao and Oikawa, Itaru and Takamura, Hitoshi and Ubukata, Hiroki and Watanabe, Yuki and others},
  journal={Nature Communications},
  volume={12},
  number={1},
  pages={1--10},
  year={2021},
  publisher={Nature Publishing Group}
}

@article{goodenough1976,
   author = {Goodenough, J. B. and Hong, H. Y. P. and Kafalas, J. A.},
   title = {FAST NA+-ION TRANSPORT IN SKELETON STRUCTURES},
   journal = {Materials Research Bulletin},
   volume = {11},
   number = {2},
   pages = {203-220},
   ISSN = {0025-5408},
   DOI = {10.1016/0025-5408(76)90077-5},
   url = {<Go to ISI>://WOS:A1976BD53700014},
   year = {1976},
   type = {Journal Article}
}

@article{goodenough2010,
  title={Challenges for rechargeable Li batteries},
  author={Goodenough, John B and Kim, Youngsik},
  journal={Chemistry of Materials},
  volume={22},
  number={3},
  pages={587--603},
  year={2010},
  publisher={ACS Publications}
}

@article{goodenough2012,
  title={Rechargeable batteries: challenges old and new},
  author={Goodenough, John B},
  journal={Journal of Solid State Electrochemistry},
  volume={16},
  number={6},
  pages={2019--2029},
  year={2012},
  publisher={Springer}
}

@article{goodenough2013,
  title={The Li-ion rechargeable battery: a perspective},
  author={Goodenough, John B and Park, Kyu-Sung},
  journal={Journal of the American Chemical Society},
  volume={135},
  number={4},
  pages={1167--1176},
  year={2013},
  publisher={ACS Publications}
}

@article{guin2015,
  title={Survey of the transport properties of sodium superionic conductor materials for use in sodium batteries},
  author={Guin, M and Tietz, F},
  journal={Journal of Power Sources},
  volume={273},
  pages={1056--1064},
  year={2015},
  publisher={Elsevier}
}

@article{hainovsky1995,
   author = {Hainovsky, N. and Maier, J.},
   title = {SIMPLE PHENOMENOLOGICAL APPROACH TO PREMELTING AND SUBLATTICE MELTING IN FRENKEL DISORDERED IONIC-CRYSTALS},
   journal = {Physical Review B},
   volume = {51},
   number = {22},
   pages = {15789-15797},
   ISSN = {0163-1829},
   DOI = {10.1103/PhysRevB.51.15789},
   url = {<Go to ISI>://WOS:A1995RD55200010},
   year = {1995},
   type = {Journal Article}
}

@article{hayashi2012,
  title={Superionic glass-ceramic electrolytes for room-temperature rechargeable sodium batteries},
  author={Hayashi, Akitoshi and Noi, Kousuke and Sakuda, Atsushi and Tatsumisago, Masahiro},
  journal={Nature communications},
  volume={3},
  number={1},
  pages={1--5},
  year={2012},
  publisher={Nature Publishing Group}
}

@article{hayashi2019,
  title={A sodium-ion sulfide solid electrolyte with unprecedented conductivity at room temperature},
  author={Hayashi, A and Masuzawa, N and Yubuchi, S and Tsuji, F and Hotehama, C and Sakuda, A and Tatsumisago, M},
  journal={Nature Communications},
  volume={10},
  number={1},
  pages={1--6},
  year={2019},
  publisher={Nature Publishing Group}
}

@article{haynes2016,
  title={Abundance of Elements in the Earth's Crust and in the Sea},
  author={Haynes, William M},
  journal={CRC Handbook of Chemistry and Physics, 95th edition, Internet Version},
  year={2016}
}

@article{he2021,
  author = {He, Linchun and Oh, Jin An Sam and Chua, Jun Jie Jason and Zhou, Henghui},
  title = {Solid-state electrolytes: Advances and perspectives},
  journal = {Functional Materials Letters},
  volume = {14},
  number = {03},
  pages = {2130001},
  year = {2021},
}

@phdthesis{heath2017,
   author = {Heath, Jennifer},
   title = {Beyond Lithium: Atomic-Scale Insights Into Cathode Materials For Sodium And Magnesium Rechargable Batteries},
   university = {University of Bath},
   year = {2017},
   type = {Thesis}
}

@article{hippler1990,
  title={Structure of Na3OCl},
  author={Hippler, K and Sitta, S and Vogt, P and Sabrowsky, H},
  journal={Acta Crystallographica Section C: Crystal Structure Communications},
  volume={46},
  number={5},
  pages={736--738},
  year={1990},
  publisher={International Union of Crystallography}
}

@article{hippler1990b,
  title={Kristallstruktur von Na4OBr2/Crystal Structure of Na4OBr2},
  author={Hippler, Karin and Sitta, Stephan and Vogt, Petra and Sabrowsky, Horst},
  journal={Zeitschrift f\"ur Naturforschung B},
  volume={45},
  number={2},
  pages={105--106},
  year={1990},
  publisher={Verlag der Zeitschrift f\"ur Naturforschung}
}

@article{hippler1990c,
  title={Na3O (CN)—das erste Alkalimetallchalkogenidpseudohalogenid/Na3O (CN)—the First Alkali Metal Chalcogenide Pseudohalide},
  author={Hippler, Karin and Sitta, Stephan and Wortmann, Regina and Sabrowsky, Horst},
  journal={Zeitschrift f\"ur Naturforschung B},
  volume={45},
  number={3},
  pages={407--408},
  year={1990},
  publisher={Verlag der Zeitschrift f\"ur Naturforschung}
}

@article{hong1976,
  title={Crystal structures and crystal chemistry in the system Na1+ xZr2SixP3- xO12},
  author={Hong, HY-P},
  journal={Materials Research Bulletin},
  volume={11},
  number={2},
  pages={173--182},
  year={1976},
  publisher={Elsevier}
}

@article{hueso2013,
   author = {Hueso, K. B. and Armand, M. and Rojo, T.},
   title = {High temperature sodium batteries: status, challenges and future trends},
   journal = {Energy \& Environmental Science},
   volume = {6},
   number = {3},
   pages = {734-749},
   ISSN = {1754-5692},
   DOI = {10.1039/c3ee24086j},
   url = {<Go to ISI>://WOS:000315165700005},
   year = {2013},
   type = {Journal Article}
}

@article{inakuma1993,
   author = {Inakuma, Yoshiyuki and Liquan, Chen and Itoh, Mitsuru and Nakamura, Tetsurō and Uchida, Takashi and Ikuta, Hiromasa and Wakihara, Masataka},
   title = {High ionic conductivity in lithium lanthanum titanate},
   journal = {Solid State Communications},
   volume = {86},
   pages = {689-693},
   year = {1993},
   type = {Journal Article}
}

@article{inoue2017,
   author = {Inoue, T. and Mukai, K.},
   title = {Are All-Solid-State Lithium-Ion Batteries Really Safe?-Verification by Differential Scanning Calorimetry with an All-Inclusive Microcell},
   journal = {Acs Applied Materials \& Interfaces},
   volume = {9},
   number = {2},
   pages = {1507-1515},
   ISSN = {1944-8244},
   DOI = {10.1021/acsami.6b13224},
   url = {<Go to ISI>://WOS:000392458300037},
   year = {2017},
   type = {Journal Article}
}

@article{islam1990,
  title={Point defects and ion migration in PbFCl},
  author={Islam, MS},
  journal={Journal of Solid State Chemistry},
  volume={85},
  number={2},
  pages={251--261},
  year={1990},
  publisher={Elsevier}
}

@article{islam2005,
  title={Atomic-scale investigation of defects, dopants, and lithium transport in the LiFePO4 olivine-type battery material},
  author={Islam, M Saiful and Driscoll, Daniel J and Fisher, Craig AJ and Slater, Peter R},
  journal={Chemistry of Materials},
  volume={17},
  number={20},
  pages={5085--5092},
  year={2005},
  publisher={ACS Publications}
}

@article{islam2014,
  title={Lithium and sodium battery cathode materials: computational insights into voltage, diffusion and nanostructural properties},
  author={Islam, M Saiful and Fisher, Craig AJ},
  journal={Chemical Society Reviews},
  volume={43},
  number={1},
  pages={185--204},
  year={2014},
  publisher={Royal Society of Chemistry}
}

@article{janek2016,
  title={A solid future for battery development},
  author={Janek, Jurgen and Zeier, Wolfgang G},
  journal={Nature Energy},
  volume={1},
  number={9},
  pages={1--4},
  year={2016},
  publisher={Nature Publishing Group}
}

@article{jansen1977,
  title={Neue untersuchungen an Na3NO3},
  author={Jansen, M},
  journal={Zeitschrift f\"ur Anorganische und Allgemeine Chemie},
  volume={435},
  number={1},
  pages={13--20},
  year={1977},
  publisher={Wiley Online Library}
}

@article{jansen1991,
  title={Volume effect or paddle-wheel mechanism—fast alkali-metal ionic conduction in solids with rotationally disordered complex anions},
  author={Jansen, Martin},
  journal={Angewandte Chemie International Edition in English},
  volume={30},
  number={12},
  pages={1547--1558},
  year={1991},
  publisher={Wiley Online Library}
}

@article{jansen1992,
  title={\"Uber die quasi-bin\"aren Systeme NaNO2/Na2O und NaCN/Na2O. Phasendiagramme und Natrium-Ionenleitung in Na3O (NO2) und Na3O (CN)},
  author={Jansen, M and Feldmann, C and Muller, W},
  journal={Zeitschrift f\"ur Anorganische und Allgemeine Chemie},
  volume={611},
  number={5},
  pages={7--10},
  year={1992},
  publisher={Wiley Online Library}
}

@book{jensen2017,
  title={Introduction to computational chemistry},
  author={Jensen, Frank},
  year={2017},
  publisher={John wiley \& sons}
}

@article{jolley2015,
   author = {Jolley, A. G. and Taylor, D. D. and Schreiber, N. J. and Wachsman, E. D.},
   title = {Structural Investigation of Monoclinic-Rhombohedral Phase Transition in Na3Zr2Si2PO12 and Doped NASICON},
   journal = {Journal of the American Ceramic Society},
   volume = {98},
   number = {9},
   pages = {2902-2907},
   ISSN = {0002-7820},
   DOI = {10.1111/jace.13692},
   url = {<Go to ISI>://WOS:000362229400040},
   year = {2015},
   type = {Journal Article}
}

@article{kamaya2011,
   author = {Kamaya, N. and Homma, K. and Yamakawa, Y. and Hirayama, M. and Kanno, R. and Yonemura, M. and Kamiyama, T. and Kato, Y. and Hama, S. and Kawamoto, K. and Mitsui, A.},
   title = {A lithium superionic conductor},
   journal = {Nature Materials},
   volume = {10},
   number = {9},
   pages = {682-686},
   ISSN = {1476-1122},
   DOI = {10.1038/nmat3066},
   url = {<Go to ISI>://WOS:000294156800012},
   year = {2011},
   type = {Journal Article}
}

@article{kandagal2015,
  title={Theoretical prediction of a highly conducting solid electrolyte for sodium batteries: Na 10 GeP 2 S 12},
  author={Kandagal, Vinay S and Bharadwaj, Mridula Dixit and Waghmare, Umesh V},
  journal={Journal of Materials Chemistry A},
  volume={3},
  number={24},
  pages={12992--12999},
  year={2015},
  publisher={Royal Society of Chemistry}
}

@article{kato2012,
   author = {Kato, Y. and Kawamoto, K. and Kanno, R. and Hirayama, M.},
   title = {Discharge Performance of All-Solid-State Battery Using a Lithium Superionic Conductor Li10GeP2S12},
   journal = {Electrochemistry},
   volume = {80},
   number = {10},
   pages = {749-751},
   ISSN = {1344-3542},
   DOI = {10.5796/electrochemistry.80.749},
   url = {<Go to ISI>://WOS:000309802400016},
   year = {2012},
   type = {Journal Article}
}

@article{kelly1985,
   author = {Kelly, I.E. and Owen, J.R. and Steele, B.C.H.},
   title = {Poly(ethylene oxide) electrolytes for operation at near room temperature},
   journal = {Journal of Power Sources},
   volume = {13},
   pages = {13-21},
   year = {1985},
   type = {Journal Article}
}

@article{khan1998,
  title={Dopant substitution and ion migration in the LaGaO3-based oxygen ion conductor},
  author={Khan, MS and Islam, MS and Bates, DR},
  journal={The Journal of Physical Chemistry B},
  volume={102},
  number={17},
  pages={3099--3104},
  year={1998},
  publisher={ACS Publications}
}

@article{khandy2020,
  title={Electronic structure, thermomechanical and phonon properties of inverse perovskite oxide (Na3OCl): An ab initio study},
  author={Khandy, Shakeel Ahmad and Islam, Ishtihadah and Laref, Amel and Gogolin, Mathias and Hafiz, Aurangzeb K and Siddiqui, Azher M},
  journal={International Journal of Energy Research},
  volume={44},
  number={4},
  pages={2594--2603},
  year={2020},
  publisher={Wiley Online Library}
}

@article{kim2017,
  title={Progress in the Development of Sodium-Ion Solid Electrolytes},
  author={Kim, Jung-Joon and Yoon, Kyungho and Park, Inchul and Kang, Kisuk},
  journal={Small Methods},
  volume={1},
  number={10},
  pages={1700219},
  year={2017},
  publisher={Wiley Online Library}
}

@article{kim2019,
   author = {Kim, K. and Siegel, D. J.},
   title = {Correlating lattice distortions, ion migration barriers, and stability in solid electrolytes},
   journal = {Journal of Materials Chemistry A},
   volume = {7},
   number = {7},
   pages = {3216-3227},
   ISSN = {2050-7488},
   DOI = {10.1039/c8ta10989c},
   url = {<Go to ISI>://WOS:000458682100027},
   year = {2019},
   type = {Journal Article}
}

@article{klemenc1950,
  title={Zur Kenntnis der Salpeters\"aure IX},
  author={Klemenc, A and Gutmann, V},
  journal={Monatshefte f\"ur Chemie und Verwandte Teile Anderer Wissenschaften},
  volume={81},
  number={3},
  pages={361--371},
  year={1950},
  publisher={Springer}
}

@article{klemps2018,
   author = {Klemps, C. and Payet, E. and Magna, L. and Saussine, L. and Le Goff, X. F. and Le Floch, P.},
   title = {PCNCP Ligands in the Chromium-Catalyzed Oligomerization of Ethylene: Tri- versus Tetramerization},
   journal = {Chemistry-a European Journal},
   volume = {15},
   number = {33},
   pages = {8259-8268},
   ISSN = {0947-6539},
   DOI = {10.1002/chem.200900986},
   url = {<Go to ISI>://WOS:000269231800019},
   year = {2009},
   type = {Journal Article}
}

@article{koerver2017,
  title={Capacity fade in solid-state batteries: interphase formation and chemomechanical processes in nickel-rich layered oxide cathodes and lithium thiophosphate solid electrolytes},
  author={Koerver, Raimund and Aygun, Isabel and Leichtwei, Thomas and Dietrich, Christian and Zhang, Wenbo and Binder, Jan O and Hartmann, Pascal and Zeier, Wolfgang G and Janek, Jürgen},
  journal={Chemistry of Materials},
  volume={29},
  number={13},
  pages={5574--5582},
  year={2017},
  publisher={ACS Publications}
}

@article{koerver2018,
   author = {Koerver, R. and Zhang, W. B. and de Biasi, L. and Schweidler, S. and Kondrakov, A. O. and Kolling, S. and Brezesinski, T. and Hartmann, P. and Zeier, W. G. and Janek, J.},
   title = {Chemo-mechanical expansion of lithium electrode materials - on the route to mechanically optimized all-solid-state batteries},
   journal = {Energy \& Environmental Science},
   volume = {11},
   number = {8},
   pages = {2142-2158},
   ISSN = {1754-5692},
   DOI = {10.1039/c8ee00907d},
   url = {<Go to ISI>://WOS:000442262900022},
   year = {2018},
   type = {Journal Article}
}

@article{krauskopf2018,
  title={Local tetragonal structure of the cubic superionic conductor Na3PS4},
  author={Krauskopf, Thorben and Culver, Sean P and Zeier, Wolfgang G},
  journal={Inorganic Chemistry},
  volume={57},
  number={8},
  pages={4739--4744},
  year={2018},
  publisher={ACS Publications}
}

@incollection{kreuer1989,
  title={Sodium ion conductors with NASICON framework structure},
  author={Kreuer, Klaus-Dieter and Kohler, Heinz and Maier, Joachim},
  booktitle={High Conductivity Solid Ionic Conductors: Recent Trends and Applications},
  year={1989},
  publisher={World Scientific}
}

@article{krok1989,
  title={On some properties of NASICON doped with MgO and CoO},
  author={Krok, F and Kony, D and Dygas, JR and Jakubowski, W and Bogusz, W},
  journal={Solid State Ionics},
  volume={36},
  number={3-4},
  pages={251--254},
  year={1989},
  publisher={Elsevier}
}

@misc{kummer1969,
  title={Thermo-electric generator},
  author={Kummer, Joseph T and Weber, Neill},
  year={1969},
  month=jul # "~29",
  publisher={Google Patents},
  note={US Patent 3,458,356}
}

@article{li2015,
   author = {Li, J. C. and Ma, C. and Chi, M. F. and Liang, C. D. and Dudney, N. J.},
   title = {Solid Electrolyte: the Key for High-Voltage Lithium Batteries},
   journal = {Advanced Energy Materials},
   volume = {5},
   number = {4},
   pages = {6},
   ISSN = {1614-6832},
   DOI = {10.1002/aenm.201401408},
   url = {<Go to ISI>://WOS:000350566000010},
   year = {2015},
   type = {Journal Article}
}

@article{li2016,
   author = {Li, Y. T. and Zhou, W. D. and Xin, S. and Li, S. and Zhu, J. L. and Lu, X. J. and Cui, Z. M. and Jia, Q. X. and Zhou, J. S. and Zhao, Y. S. and Goodenough, J. B.},
   title = {Fluorine-Doped Antiperovskite Electrolyte for All-Solid-State Lithium-Ion Batteries},
   journal = {Angewandte Chemie-International Edition},
   volume = {55},
   number = {34},
   pages = {9965-9968},
   ISSN = {1433-7851},
   DOI = {10.1002/anie.201604554},
   url = {<Go to ISI>://WOS:000383373000026},
   year = {2016},
   type = {Journal Article}
}

@article{li2021,
  title={Theoretical study of Na+ transport in the solid-state electrolyte Na 3 OBr based on deep potential molecular dynamics},
  author={Li, Han-Xiao and Zhou, Xu-Yuan and Wang, Yue-Chao and Jiang, Hong},
  journal={Inorganic Chemistry Frontiers},
  volume={8},
  number={2},
  pages={425--432},
  year={2021},
  publisher={Royal Society of Chemistry}
}

@article{lin2020,
  title={Facile synthesis and electrochemical properties of Na-rich anti-perovskite solid electrolytes},
  author={Lin-Feng, Peng and Zi-Qi, Zeng and Yu-Long, Sun and Huan-Huan, Jia and Jia, Xie},
  journal={Acta Physica Sinica},
  volume={69},
  number={22},
  year={2020},
  pages={228201},
  publisher={CHINESE PHYSICAL SOC PO BOX 603, BEIJING 100080, PEOPLES R CHINA}
}

@article{liu2013,
  title={Materials science and materials chemistry for large scale electrochemical energy storage: from transportation to electrical grid},
  author={Liu, Jun and Zhang, Ji-Guang and Yang, Zhenguo and Lemmon, John P and Imhoff, Carl and Graff, Gordon L and Li, Liyu and Hu, Jianzhi and Wang, Chongmin and Xiao, Jie and others},
  journal={Advanced Functional Materials},
  volume={23},
  number={8},
  pages={929--946},
  year={2013},
  publisher={Wiley Online Library}
}

@article{lu2015,
  title={Defect chemistry and lithium transport in Li 3 OCl anti-perovskite superionic conductors},
  author={Lu, Ziheng and Chen, Chi and Baiyee, Zarah Medina and Chen, Xin and Niu, Chunming and Ciucci, Francesco},
  journal={Physical Chemistry Chemical Physics},
  volume={17},
  number={48},
  pages={32547--32555},
  year={2015},
  publisher={Royal Society of Chemistry}
}

@article{lu2016,
   author = {Lu, X. J. and Howard, J. W. and Chen, A. P. and Zhu, J. L. and Li, S. and Wu, G. and Dowden, P. and Xu, H. W. and Zhao, Y. S. and Jia, Q. X.},
   title = {Antiperovskite Li3OCl Superionic Conductor Films for Solid-State Li-Ion Batteries},
   journal = {Advanced Science},
   volume = {3},
   number = {3},
   pages = {5},
   ISSN = {2198-3844},
   DOI = {10.1002/advs.201500359},
   url = {<Go to ISI>://WOS:000372508400003},
   year = {2016},
   type = {Journal Article}
}

@article{lu2020,
  title={Superionic conduction in low-dimensional-networked anti-perovskites},
  author={Lu, Ziheng and Liu, Jiapeng and Ciucci, Francesco},
  journal={Energy Storage Materials},
  volume={28},
  pages={146--152},
  year={2020},
  publisher={Elsevier}
}

@article{luntz2015,
   author = {Luntz, A. C. and Voss, J. and Reuter, K.},
   title = {Interfacial Challenges in Solid-State Li Ion Batteries},
   journal = {Journal of Physical Chemistry Letters},
   volume = {6},
   number = {22},
   pages = {4599-4604},
   ISSN = {1948-7185},
   DOI = {10.1021/acs.jpclett.5b02352},
   url = {<Go to ISI>://WOS:000365460700024},
   year = {2015},
   type = {Journal Article}
}

@article{lv2017,
  title={Electronic, elastic, lattice dynamic and thermal conductivity properties of Na3OBr via first principles},
  author={Lv, Zhen-Long and Cui, Hong-Ling and Wang, Hui and Li, Xiao-Hong and Ji, Guang-Fu},
  journal={Physica Status Solidi B},
  volume={254},
  number={9},
  pages={1700089},
  year={2017},
  publisher={Wiley Online Library}
}

@article{ma2014,
   author = {Ma, C. and Chen, K. and Liang, C. D. and Nan, C. W. and Ishikawa, R. and More, K. and Chi, M. F.},
   title = {Atomic-scale origin of the large grain-boundary resistance in perovskite Li-ion-conducting solid electrolytes},
   journal = {Energy \& Environmental Science},
   volume = {7},
   number = {5},
   pages = {1638-1642},
   ISSN = {1754-5692},
   DOI = {10.1039/c4ee00382a},
   url = {<Go to ISI>://WOS:000335013700009},
   year = {2014},
   type = {Journal Article}
}

@article{ma2016,
   author = {Ma, Q. L. and Guin, M. and Naqash, S. and Tsai, C. L. and Tietz, F. and Guillon, O.},
   title = {Scandium-Substituted Na3Zr2(SiO4)(2)(PO4) Prepared by a Solution Assisted Solid-State Reaction Method as Sodium-Ion Conductors},
   journal = {Chemistry of Materials},
   volume = {28},
   number = {13},
   pages = {4821-4828},
   ISSN = {0897-4756},
   DOI = {10.1021/acs.chemmater.6b02059},
   url = {<Go to ISI>://WOS:000379704100034},
   year = {2016},
   type = {Journal Article}
}

@article{manthiram2017,
  title={Lithium battery chemistries enabled by solid-state electrolytes},
  author={Manthiram, Arumugam and Yu, Xingwen and Wang, Shaofei},
  journal={Nature Reviews Materials},
  volume={2},
  number={4},
  pages={1--16},
  year={2017},
  publisher={Nature Publishing Group}
}

@article{megaw1946,
  title={Crystal structure of double oxides of the perovskite type},
  author={Megaw, Helen D},
  journal={Proceedings of the Physical Society},
  volume={58},
  number={2},
  pages={133},
  year={1946},
  publisher={IOP Publishing}
}

@book{mehrer2007,
   author = {Mehrer, Helmut},
   title = {Diffusion in Solids},
   publisher = {Springer},
   address = {Berlin},
   year = {2007},
   type = {Book}
}

@book{moore2020,
   author = {Moore, Elaine A. and Smart, Lesley E.},
   title = {Solid State Chemistry},
   publisher = {CRC Press},
   year = {2020},
   type = {Book}
}

@article{mott1938,
  title={Conduction in polar crystals. I. Electrolytic conduction in solid salts},
  author={Mott, NF and Littleton, MJ},
  journal={Transactions of the Faraday Society},
  volume={34},
  pages={485--499},
  year={1938},
  publisher={Royal Society of Chemistry}
}

@article{mott1989,
   author = {Mott, N. F. and Littleton, M. J.},
   title = {CONDUCTION IN POLAR CRYSTALS .1. ELECTROLYTIC CONDUCTION IN SOLID SALTS (REPRINTED FROM, VOL 34, PG 485, 1938)},
   journal = {Journal of the Chemical Society-Faraday Transactions Ii},
   volume = {85},
   pages = {565-579},
   ISSN = {0300-9238},
   DOI = {10.1039/f29898500565},
   url = {<Go to ISI>://WOS:A1989U835400021},
   year = {1989},
   type = {Journal Article}
}

@article{mouta2014,
   author = {Mouta, R. and Melo, M. A. B. and Diniz, E. M. and Paschoal, C. W. A.},
   title = {Concentration of Charge Carriers, Migration, and Stability in Li3OCl Solid Electrolytes},
   journal = {Chemistry of Materials},
   volume = {26},
   number = {24},
   pages = {7137-7144},
   ISSN = {0897-4756},
   DOI = {10.1021/cm503717e},
   url = {<Go to ISI>://WOS:000347139700028},
   year = {2014},
   type = {Journal Article}
}

@article{mouta2016,
  title={Li+ interstitials as the charge carriers in superionic lithium-rich anti-perovskites},
  author={Mouta, R and Diniz, EM and Paschoal, CWA},
  journal={Journal of Materials Chemistry A},
  volume={4},
  number={5},
  pages={1586--1590},
  year={2016},
  publisher={Royal Society of Chemistry}
}

@article{muller1990,
  title={ONa3, Kristallstruktur und Natriumionenleitf\"ahigkeit},
  author={Muller, Winfried and Jansen, Martin},
  journal={Zeitschrift f\"ur Anorganische und Allgemeine Chemie},
  volume={591},
  number={1},
  pages={41--46},
  year={1990},
  publisher={Wiley Online Library}
}

@article{nguyen2016,
  title={Experimental and computational evaluation of a sodium-rich anti-perovskite for solid state electrolytes},
  author={Nguyen, Han and Hy, Sunny and Wu, Erik and Deng, Zhi and Samiee, Mojtaba and Yersak, Thomas and Luo, Jian and Ong, Shyue Ping and Meng, Ying Shirley},
  journal={Journal of The Electrochemical Society},
  volume={163},
  number={10},
  pages={A2165},
  year={2016},
  publisher={IOP Publishing}
}

@article{nishimura2008,
  title={Experimental visualization of lithium diffusion in Li x FePO 4},
  author={Nishimura, Shin-ichi and Kobayashi, Genki and Ohoyama, Kenji and Kanno, Ryoji and Yashima, Masatomo and Yamada, Atsuo},
  journal={Nature Materials},
  volume={7},
  number={9},
  pages={707--711},
  year={2008},
  publisher={Nature Publishing Group}
}

@article{ohno2020,
  title={Materials design of ionic conductors for solid state batteries},
  author={Ohno, Saneyuki and Banik, Ananya and Dewald, Georg F and Kraft, Marvin A and Krauskopf, Thorben and Minafra, Nicol\'o and Till, Paul and Weiss, Manuel and Zeier, Wolfgang G},
  journal={Progress in Energy},
  volume={2},
  number={2},
  pages={022001},
  year={2020},
  publisher={IOP Publishing}
}

@article{ohta2006,
  title={Enhancement of the high-rate capability of solid-state lithium batteries by nanoscale interfacial modification},
  author={Ohta, Narumi and Takada, Kazunori and Zhang, Lianqi and Ma, Renzhi and Osada, Minoru and Sasaki, Takayoshi},
  journal={Advanced Materials},
  volume={18},
  number={17},
  pages={2226--2229},
  year={2006},
  publisher={Wiley Online Library}
}

@article{pham2018,
  title={Computational predictions of stable phase for antiperovskite Na 3 OCl via tilting of Na 6 O octahedra},
  author={Pham, Tan-Lien and Samad, Abdus and Kim, Hye Jung and Shin, Young-Han},
  journal={Journal of Applied Physics},
  volume={124},
  number={16},
  pages={164106},
  year={2018},
  publisher={AIP Publishing LLC}
}

@article{plimpton1995,
  title={Fast parallel algorithms for short-range molecular dynamics},
  author={Plimpton, Steve},
  journal={Journal of Computational Physics},
  volume={117},
  number={1},
  pages={1--19},
  year={1995},
  publisher={Elsevier}
}

@article{porz2017,
  title={Mechanism of lithium metal penetration through inorganic solid electrolytes},
  author={Porz, Lukas and Swamy, Tushar and Sheldon, Brian W and Rettenwander, Daniel and Fr{\"o}mling, Till and Thaman, Henry L and Berendts, Stefan and Uecker, Reinhard and Carter, W Craig and Chiang, Yet-Ming},
  journal={Advanced Energy Materials},
  volume={7},
  number={20},
  pages={1701003},
  year={2017},
  publisher={Wiley Online Library}
}

@article{quartarone2010,
   author = {Quartarone, Eliana and Mustarelli, Piercarlo},
   title = {Electrolytes for solid-state lithium rechargeable batteries: recent advances and perspectives},
   journal = {Chemistry Society Reviews},
   volume = {40},
   pages = {2525-2540},
   year = {2010},
   type = {Journal Article}
}

@article{ramanna2013,
  title={Ab initio study of electronic structure, elastic and optical properties of anti-perovskite type alkali metal oxyhalides},
  author={Ramanna, J and Yedukondalu, N and Babu, K Ramesh and Vaitheeswaran, G},
  journal={Solid State Sciences},
  volume={20},
  pages={120--126},
  year={2013},
  publisher={Elsevier}
}

@article{reckeweg2012,
  title={Li5OCl3 and Li3OCl: Two remarkably different lithium oxide chlorides},
  author={Reckeweg, Olaf and Blaschkowski, Bj\"orn and Schleid, Thomas},
  journal={Zeitschrift f\"ur Anorganische und Allgemeine Chemie},
  volume={638},
  number={12-13},
  pages={2081--2086},
  year={2012},
  publisher={Wiley Online Library}
}

@article{ren2017,
  title={Emerging Prototype Sodium-Ion Full Cells with Nanostructured Electrode Materials},
  author={Ren, Wenhao and Zhu, Zixuan and An, Qinyou and Mai, Liqiang},
  journal={Small},
  volume={13},
  number={23},
  pages={1604181},
  year={2017},
  publisher={Wiley Online Library}
}

@article{richards2016,
  title={Design and synthesis of the superionic conductor Na 10 SnP 2 S 12},
  author={Richards, William D and Tsujimura, Tomoyuki and Miara, Lincoln J and Wang, Yan and Kim, Jae Chul and Ong, Shyue Ping and Uechi, Ichiro and Suzuki, Naoki and Ceder, Gerbrand},
  journal={Nature Communications},
  volume={7},
  number={1},
  pages={1--8},
  year={2016},
  publisher={Nature Publishing Group}
}

@article{robertson1997,
   author = {Robertson, A. D. and West, A. R. and Ritchie, A. G.},
   title = {Review of crystalline lithium-ion conductors suitable for high temperature battery applications},
   journal = {Solid State Ionics},
   volume = {104},
   number = {1-2},
   pages = {1-11},
   ISSN = {0167-2738},
   DOI = {10.1016/s0167-2738(97)00429-3},
   url = {<Go to ISI>://WOS:000071283400001},
   year = {1997},
   type = {Journal Article}
}

@article{sabrowsky1988,
  title={Na3OCl und Na3OBr, die ersten Alkalimetallchalkogenidhalogenide/Na3OCl and Na3OBr, the first alkali metal chalcogenide halides},
  author={Sabrowsky, Horst and Paszkowski, Karin and Reddig, Dagmar and Vogt, Petra},
  journal={Zeitschrift f\"ur Naturforschung B},
  volume={43},
  number={2},
  pages={238--239},
  year={1988},
  publisher={Verlag der Zeitschrift f\"ur Naturforschung}
}

@article{sabrowsky1990,
  title={Structure of Na4OI2},
  author={Sabrowsky, HORST and Hippler, KARIN and Sitta, STEPHAN and Vogt, PETRA and Walz, L},
  journal={Acta Crystallographica Section C: Crystal Structure Communications},
  volume={46},
  number={3},
  pages={368--369},
  year={1990},
  publisher={International Union of Crystallography}
}

@article{sattar2021,
  title={The structural stability, lattice dynamics, electronic, thermophysical, and mechanical properties of the inverse perovskites A3OX: A comparative first-principles study},
  author={Sattar, Muhammad A and Javed, Mehreen and Benkraouda, Maamar and Amrane, Noureddine},
  journal={International Journal of Energy Research},
  volume={45},
  number={3},
  pages={4793--4810},
  year={2021},
  publisher={Wiley Online Library}
}

@article{sgourou2020,
  title={Self-Diffusion in Perovskite and Perovskite Related Oxides: Insights from Modelling},
  author={Sgourou, Efstratia N and Panayiotatos, Yerasimos and Davazoglou, Konstantinos and Solovjov, Andrei L and Vovk, Ruslan V and Chroneos, Alexander},
  journal={Applied Sciences},
  volume={10},
  number={7},
  pages={2286},
  year={2020},
  publisher={Multidisciplinary Digital Publishing Institute}
}

@article{shen2020,
  title={Revealing the effect of grain boundary segregation on Li ion transport in polycrystalline anti-perovskite Li 3 ClO: a phase field study},
  author={Shen, Kun and Wang, Yixuan and Zhang, Jun and Zong, Yi and Li, Gengwei and Zhao, Changchun and Chen, Hao},
  journal={Physical Chemistry Chemical Physics},
  volume={22},
  number={5},
  pages={3030--3036},
  year={2020},
  publisher={Royal Society of Chemistry}
}

@article{stramare2003,
   author = {Stramare, S. and Thangadurai, V. and Weppner, W.},
   title = {Lithium lanthanum titanates: A review},
   journal = {Chemistry of Materials},
   volume = {15},
   number = {21},
   pages = {3974-3990},
   ISSN = {0897-4756},
   DOI = {10.1021/cm0300516},
   url = {<Go to ISI>://WOS:000186050800006},
   year = {2003},
   type = {Journal Article}
}

@article{sun2019,
   author = {Sun, Y. L. and Wang, Y. C. and Liang, X. M. and Xia, Y. H. and Peng, L. F. and Jia, H. H. and Li, H. X. and Bai, L. F. and Feng, J. W. and Jiang, H. and Xie, J.},
   title = {Rotational Cluster Anion Enabling Superionic Conductivity in Sodium-Rich Antiperovskite Na3OBH4},
   journal = {Journal of the American Chemical Society},
   volume = {141},
   number = {14},
   pages = {5640-5644},
   ISSN = {0002-7863},
   DOI = {10.1021/jacs.9b01746},
   url = {<Go to ISI>://WOS:000464769000012},
   year = {2019},
   type = {Journal Article}
}

@article{symington2020,
  title={Quantifying the impact of disorder on Li-ion and Na-ion transport in perovskite titanate solid electrolytes for solid-state batteries},
  author={Symington, Adam R and Purton, John and Statham, Joel and Molinari, Marco and Islam, M Saiful and Parker, Stephen C},
  journal={Journal of Materials Chemistry A},
  volume={8},
  number={37},
  pages={19603--19611},
  year={2020},
  publisher={Royal Society of Chemistry}
}

@article{tapia2018,
  title={High voltage structural evolution and enhanced Na-ion diffusion in P2-Na 2/3 Ni 1/3- x Mg x Mn 2/3 O 2 (0≤ x≤ 0.2) cathodes from diffraction, electrochemical and ab initio studies},
  author={Tapia-Ruiz, Nuria and Dose, Wesley M and Sharma, Neeraj and Chen, Hungru and Heath, Jennifer and Somerville, James W and Maitra, Urmimala and Islam, M Saiful and Bruce, Peter G},
  journal={Energy \& Environmental Science},
  volume={11},
  number={6},
  pages={1470--1479},
  year={2018},
  publisher={Royal Society of Chemistry}
}

@article{takada2013,
   author = {Takada, K.},
   title = {Progress and prospective of solid-state lithium batteries},
   journal = {Acta Materialia},
   volume = {61},
   number = {3},
   pages = {759-770},
   ISSN = {1359-6454},
   DOI = {10.1016/j.actamat.2012.10.034},
   url = {<Go to ISI>://WOS:000315075500004},
   year = {2013},
   type = {Journal Article}
}

@article{takahashi1980,
  title={Solid-state ionics-conductivities of Na+ ion conductors based on NASICON},
  author={Takahashi, Takehiko and Kuwabara, Katsumi and Shibata, Masahiro},
  journal={Solid State Ionics},
  volume={1},
  number={3-4},
  pages={163--175},
  year={1980},
  publisher={Elsevier}
}

@article{tanibata2014,
  title={Preparation and characterization of highly sodium ion conducting Na 3 PS 4--Na 4 SiS 4 solid electrolytes},
  author={Tanibata, Naoto and Noi, Kousuke and Hayashi, Akitoshi and Tatsumisago, Masahiro},
  journal={RSC Advances},
  volume={4},
  number={33},
  pages={17120--17123},
  year={2014},
  publisher={Royal Society of Chemistry}
}

@article{thackeray2012,
  title={Electrical energy storage for transportation—approaching the limits of, and going beyond, lithium-ion batteries},
  author={Thackeray, Michael M and Wolverton, Christopher and Isaacs, Eric D},
  journal={Energy \& Environmental Science},
  volume={5},
  number={7},
  pages={7854--7863},
  year={2012},
  publisher={Royal Society of Chemistry}
}

@article{thangadurai2003,
   author = {Thangadurai, V. and Kaack, H. and Weppner, W. J. F.},
   title = {Novel fast lithium ion conduction in garnet-type Li5La3M2O12 (M = Nb, Ta)},
   journal = {Journal of the American Ceramic Society},
   volume = {86},
   number = {3},
   pages = {437-440},
   ISSN = {0002-7820},
   DOI = {10.1111/j.1151-2916.2003.tb03318.x},
   url = {<Go to ISI>://WOS:000181778200010},
   year = {2003},
   type = {Journal Article}
}

@article{thangadurai2005,
   author = {Thangadurai, V. and Weppner, W.},
   title = {Li(6)ALa(2)Ta(2)O(12) (A=Sr, Ba): Novel garnet-like oxides for fast lithium ion conduction},
   journal = {Advanced Functional Materials},
   volume = {15},
   number = {1},
   pages = {107-112},
   ISSN = {1616-301X},
   DOI = {10.1002/adfm.200400044},
   url = {<Go to ISI>://WOS:000226705500014},
   year = {2005},
   type = {Journal Article}
}

@article{vogel1984,
  title={Na+ ion conductivity and crystallographic cell characterization in the Hf-nasicon system Na1+ xHf2SixP3- xO12},
  author={Vogel, EM and Cava, RJ and Rietman, E},
  journal={Solid State Ionics},
  volume={14},
  number={1},
  pages={1--6},
  year={1984},
  publisher={Elsevier}
}

@article{wan2018,
  title={A first principle study of the phase stability, ion transport and substitution strategy for highly ionic conductive sodium antipervoskite as solid electrolyte for sodium ion batteries},
  author={Wan, Ting Hei and Lu, Ziheng and Ciucci, Francesco},
  journal={Journal of Power Sources},
  volume={390},
  pages={61--70},
  year={2018},
  publisher={Elsevier}
}

@article{wang2015a,
   author = {Wang, Y. G. and Wang, Q. F. and Liu, Z. P. and Zhou, Z. Y. and Li, S. and Zhu, J. L. and Zou, R. Q. and Wang, Y. X. and Lin, J. H. and Zhao, Y. S.},
   title = {Structural manipulation approaches towards enhanced sodium ionic conductivity in Na-rich antiperovskites},
   journal = {Journal of Power Sources},
   volume = {293},
   pages = {735-740},
   ISSN = {0378-7753},
   DOI = {10.1016/j.jpowsour.2015.06.002},
   url = {<Go to ISI>://WOS:000358809700087},
   year = {2015},
   type = {Journal Article}
}

@article{wang2015b,
   author = {Wang, Y. and Richards, W. D. and Ong, S. P. and Miara, L. J. and Kim, J. C. and Mo, Y. F. and Ceder, G.},
   title = {Design principles for solid-state lithium superionic conductors},
   journal = {Nature Materials},
   volume = {14},
   number = {10},
   pages = {1026-+},
   ISSN = {1476-1122},
   DOI = {10.1038/nmat4369},
   url = {<Go to ISI>://WOS:000361771800023},
   year = {2015},
   type = {Journal Article}
}

@article{wang2016,
  title={An air-stable Na3SbS4 superionic conductor prepared by a rapid and economic synthetic procedure},
  author={Wang, Hui and Chen, Yan and Hood, Zachary D and Sahu, Gayatri and Pandian, Amaresh Samuthira and Keum, Jong Kahk and An, Ke and Liang, Chengdu},
  journal={Angewandte Chemie},
  volume={128},
  number={30},
  pages={8693--8697},
  year={2016},
  publisher={Wiley Online Library}
}

@article{wang2016b,
  title={Robust high pressure stability and negative thermal expansion in sodium-rich antiperovskites Na3OBr and Na4OI2},
  author={Wang, Yonggang and Wen, Ting and Park, Changyong and Kenney-Benson, Curtis and Pravica, Michael and Yang, Wenge and Zhao, Yusheng},
  journal={Journal of Applied Physics},
  volume={119},
  number={2},
  pages={025901},
  year={2016},
  publisher={AIP Publishing LLC}
}

@article{wang2018,
  title={Improvement in ion transport in Na 3 PSe 4--Na 3 SbSe 4 by Sb substitution},
  author={Wang, Ning and Yang, Kun and Zhang, Long and Yan, Xinlin and Wang, Limin and Xu, Bo},
  journal={Journal of Materials Science},
  volume={53},
  number={3},
  pages={1987--1994},
  year={2018},
  publisher={Springer}
}

@unpublished{wang2020, 
  title={Computational Material Design fro Solid-State Ionic Conductors}, 
  journal={2020 Virtual MRS Spring/Fall Meeting \& Exhibit}, 
  author={Wang, Yan Eric},
  year={2020}
}

@article{wang2020b,
  title={Antiperovskites with exceptional functionalities},
  author={Wang, Yonggang and Zhang, Hao and Zhu, Jinlong and Lu, Xujie and Li, Shuai and Zou, Ruqiang and Zhao, Yusheng},
  journal={Advanced Materials},
  volume={32},
  number={7},
  pages={1905007},
  year={2020},
  publisher={Wiley Online Library}
}

@article{wenzel2016,
   author = {Wenzel, S. and Randau, S. and Leichtweiss, T. and Weber, D. A. and Sann, J. and Zeier, W. G. and Janek, J.},
   title = {Direct Observation of the Interfacial Instability of the Fast Ionic Conductor Li10GeP2S12 at the Lithium Metal Anode},
   journal = {Chemistry of Materials},
   volume = {28},
   number = {7},
   pages = {2400-2407},
   ISSN = {0897-4756},
   DOI = {10.1021/acs.chemmater.6b00610},
   url = {<Go to ISI>://WOS:000374196000055},
   year = {2016},
   type = {Journal Article}
}

@article{wu2011,
   author = {Wu, M. F. and Wen, Z. Y. and Liu, Y. and Wang, X. Y. and Huang, L. Z.},
   title = {Electrochemical behaviors of a Li3N modified Li metal electrode in secondary lithium batteries},
   journal = {Journal of Power Sources},
   volume = {196},
   number = {19},
   pages = {8091-8097},
   ISSN = {0378-7753},
   DOI = {10.1016/j.jpowsour.2011.05.035},
   url = {<Go to ISI>://WOS:000294033000026},
   year = {2011},
   type = {Journal Article}
}

@article{yao1967,
  title={Ion exchange properties of and rates of ionic diffusion in beta-alumina},
  author={Yao, Yung-Fang Yu and Kummer, JT},
  journal={Journal of Inorganic and Nuclear Chemistry},
  volume={29},
  number={9},
  pages={2453--2475},
  year={1967},
  publisher={Elsevier}
}

@article{yashima2003,
  title={Conduction path and disorder in the fast oxide-ion conductor (La0. 8Sr0. 2)(Ga0. 8Mg0. 15Co0. 05) O2. 8},
  author={Yashima, Masatomo and Nomura, Katsuhiro and Kageyama, Hiroyuki and Miyazaki, Yoshinori and Chitose, Norihisa and Adachi, Kazunori},
  journal={Chemical Physics Letters},
  volume={380},
  number={3-4},
  pages={391--396},
  year={2003},
  publisher={Elsevier}
}

@article{yin2020,
  title={Synthesis of Antiperovskite Solid Electrolytes: Comparing Li3SI, Na3SI, and Ag3SI},
  author={Yin, Liang and Murphy, Megan and Kim, Kwangnam and Hu, Linhua and Cabana, Jordi and Siegel, Donald J and Lapidus, Saul H},
  journal={Inorganic Chemistry},
  volume={59},
  number={16},
  pages={11244--11247},
  year={2020},
  publisher={ACS Publications}
}

@article{yu2017,
  title={Exceptionally High Ionic Conductivity in Na3P0. 62As0. 38S4 with Improved Moisture Stability for Solid-State Sodium-Ion Batteries},
  author={Yu, Zhaoxin and Shang, Shun-Li and Seo, Joo-Hwan and Wang, Daiwei and Luo, Xiangyi and Huang, Qingquan and Chen, Shuru and Lu, Jun and Li, Xiaolin and Liu, Zi-Kui and others},
  journal={Advanced Materials},
  volume={29},
  number={16},
  pages={1605561},
  year={2017},
  publisher={Wiley Online Library}
}

@article{yu2018,
  title={Theoretical design of double anti-perovskite Na 6 SOI 2 as a super-fast ion conductor for solid Na+ ion batteries},
  author={Yu, Yuran and Wang, Zhuo and Shao, Guosheng},
  journal={Journal of Materials Chemistry A},
  volume={6},
  number={40},
  pages={19843--19852},
  year={2018},
  publisher={Royal Society of Chemistry}
}

@article{yu2019,
  title={Theoretical tuning of Ruddlesden--Popper type anti-perovskite phases as superb ion conductors and cathodes for solid sodium ion batteries},
  author={Yu, Yuran and Wang, Zhuo and Shao, Guosheng},
  journal={Journal of Materials Chemistry A},
  volume={7},
  number={17},
  pages={10483--10493},
  year={2019},
  publisher={Royal Society of Chemistry}
}

@article{zhang2013,
  title={Ab initio study of the stabilities of and mechanism of superionic transport in lithium-rich antiperovskites},
  author={Zhang, Yi and Zhao, Yusheng and Chen, Changfeng},
  journal={Physical Review B},
  volume={87},
  number={13},
  pages={134303},
  year={2013},
  publisher={APS}
}

@article{zhang2015,
  title={Na3PSe4: A novel chalcogenide solid electrolyte with high ionic conductivity},
  author={Zhang, Long and Yang, Kun and Mi, Jianli and Lu, Lei and Zhao, Linran and Wang, Limin and Li, Yueming and Zeng, Hong},
  journal={Advanced Energy Materials},
  volume={5},
  number={24},
  pages={1501294},
  year={2015},
  publisher={Wiley Online Library}
}

@article{zhang2016,
  title={Vacancy-contained tetragonal Na3SbS4 superionic conductor},
  author={Zhang, Long and Zhang, Dechao and Yang, Kun and Yan, Xinlin and Wang, Limin and Mi, Jianli and Xu, Bo and Li, Yueming},
  journal={Advanced Science},
  volume={3},
  number={10},
  pages={1600089},
  year={2016},
  publisher={Wiley Online Library}
}

@article{zhang2018a,
   author = {Zhang, Z. and Ramos, E. and Lalere, F. and Assoud, A. and Kaup, K. and Hartman, P. and Nazar, L. F.},
   title = {Na11Sn2PS12: a new solid state sodium superionic conductor},
   journal = {Energy \& Environmental Science},
   volume = {11},
   number = {1},
   pages = {87-93},
   ISSN = {1754-5692},
   DOI = {10.1039/c7ee03083e},
   url = {<Go to ISI>://WOS:000423017000007},
   year = {2018},
   type = {Journal Article}
}

@article{zhang2018b,
  title={New horizons for inorganic solid state ion conductors},
  author={Zhang, Zhizhen and Shao, Yuanjun and Lotsch, Bettina and Hu, Yong-Sheng and Li, Hong and Janek, J\"urgen and Nazar, Linda F and Nan, Ce-Wen and Maier, Joachim and Armand, Michel and others},
  journal={Energy \& Environmental Science},
  volume={11},
  number={8},
  pages={1945--1976},
  year={2018},
  publisher={Royal Society of Chemistry}
}

@article{zhang2018c,
  title={F. Lal re, A. Assoud, K. Kaup, P. Hartman, LF Nazar},
  author={Zhang, Z and Ramos, E},
  journal={Energy Environ. Sci},
  volume={11},
  pages={87--93},
  year={2018}
}

@article{zhao2012,
   author = {Zhao, Y. S. and Daemen, L. L.},
   title = {Superionic Conductivity in Lithium-Rich Anti-Perovskites},
   journal = {Journal of the American Chemical Society},
   volume = {134},
   number = {36},
   pages = {15042-15047},
   ISSN = {0002-7863},
   DOI = {10.1021/ja305709z},
   url = {<Go to ISI>://WOS:000308574800063},
   year = {2012},
   type = {Journal Article}
}

@article{zhao2018,
  title={Solid-state sodium batteries},
  author={Zhao, Chenglong and Liu, Lilu and Qi, Xingguo and Lu, Yaxiang and Wu, Feixiang and Zhao, Junmei and Yu, Yan and Hu, Yong-Sheng and Chen, Liquan},
  journal={Advanced Energy Materials},
  volume={8},
  number={17},
  pages={1703012},
  year={2018},
  publisher={Wiley Online Library}
}

@article{zhou2020,
  title={A new halospinel superionic conductor for high-voltage all solid state lithium batteries},
  author={Zhou, Laidong and Kwok, Chun Yuen and Shyamsunder, Abhinandan and Zhang, Qiang and Wu, Xiaohan and Nazar, Linda F},
  journal={Energy \& Environmental Science},
  volume={13},
  number={7},
  pages={2056--2063},
  year={2020},
  publisher={Royal Society of Chemistry}
}

@article{zhu2016,
   author = {Zhu, J. L. and Wang, Y. G. and Li, S. and Howard, J. W. and Neuefeind, J. and Ren, Y. and Wang, H. and Liang, C. D. and Yang, W. G. and Zou, R. Q. and Jin, C. Q. and Zhao, Y. S.},
   title = {Sodium Ion Transport Mechanisms in Antiperovskite Electrolytes Na3OBr and Na4OI2: An in Situ Neutron Diffraction Study},
   journal = {Inorganic Chemistry},
   volume = {55},
   number = {12},
   pages = {5993-5998},
   ISSN = {0020-1669},
   DOI = {10.1021/acs.inorgchem.6b00444},
   url = {<Go to ISI>://WOS:000378369900034},
   year = {2016},
   type = {Journal Article}
}

@article{zhu2015,
   author = {Zhu, Z. Y. and Chu, I. H. and Deng, Z. and Ong, S. P.},
   title = {Role of Na+ Interstitials and Dopants in Enhancing the Na+ Conductivity of the Cubic Na3PS4 Superionic Conductor},
   journal = {Chemistry of Materials},
   volume = {27},
   number = {24},
   pages = {8318-8325},
   ISSN = {0897-4756},
   DOI = {10.1021/acs.chemmater.5b03656},
   url = {<Go to ISI>://WOS:000367562000019},
   year = {2015},
   type = {Journal Article}
}

@article{zinenko2012,
  title={Lattice dynamics of antiperovskite structure compounds a3ox (a= na, k; x= ci, br)},
  author={Zinenko, VI and Zamkova, NG},
  journal={Ferroelectrics},
  volume={265},
  number={1},
  pages={23--29},
  year={2002},
  publisher={Taylor \& Francis}
}

@article{zintl1938,
  title={Orthosalze von Sauerstoffs\"auren},
  author={Zintl, E and Morawietz, W},
  journal={Zeitschrift f\"ur Anorganische und Allgemeine Chemie},
  volume={236},
  number={1},
  pages={372--410},
  year={1938},
  publisher={Wiley Online Library}
}

