@article{RN34,
   title = {Theory and Applications of Computational Chemistry: The First Forty Years},
   journal = {Theory and Applications of Computational Chemistry: the First Forty Years},
   pages = {1-1308},
   url = {<Go to ISI>://WOS:000311646300043},
   year = {2005},
   type = {Journal Article}
}

@article{RN35,
   title = {Theory and Applications of Computational Chemistry: The First Forty Years},
   journal = {Theory and Applications of Computational Chemistry: the First Forty Years},
   pages = {1-1308},
   url = {<Go to ISI>://WOS:000311646300043},
   year = {2005},
   type = {Journal Article}
}

@article{RN33,
   title = {Computational Chemistry},
   journal = {Computational Chemistry},
   volume = {73},
   pages = {1-542},
   ISSN = {0898-8838},
   url = {<Go to ISI>://WOS:000501571000015},
   year = {2019},
   type = {Journal Article}
}

@article{RN45,
   title = {Practical Approaches to Biological Inorganic Chemistry, 2nd Edition},
   journal = {Practical Approaches to Biological Inorganic Chemistry, 2nd Edition},
   pages = {1-494},
   DOI = {10.1016/c2017-0-04752-3},
   year = {2020},
   type = {Journal Article}
}

@article{RN44,
   author = {Agapie, T. and Labinger, J. A. and Bercaw, J. E.},
   title = {Mechanistic studies of olefin and alkyne trimerization with chromium catalysts: Deuterium labeling and studies of regiochemistry using a model chromacyclopentane complex},
   journal = {Journal of the American Chemical Society},
   volume = {129},
   number = {46},
   pages = {14281-14295},
   ISSN = {0002-7863},
   DOI = {10.1021/ja073493h},
   url = {<Go to ISI>://WOS:000251182000053},
   year = {2007},
   type = {Journal Article}
}

@article{RN81,
   author = {Ahiavi, E. and Dawson, J. A. and Kudu, U. and Courty, M. and Islam, M. S. and Clemens, O. and Masquelier, C. and Famprikis, T.},
   title = {Mechanochemical synthesis and ion transport properties of Na3OX (X = Cl, Br, I and BH4) antiperovskite solid electrolytes},
   journal = {Journal of Power Sources},
   volume = {471},
   pages = {9},
   ISSN = {0378-7753},
   DOI = {10.1016/j.jpowsour.2020.228489},
   url = {<Go to ISI>://WOS:000551511800031},
   year = {2020},
   type = {Journal Article}
}

@article{RN99,
   author = {Aono, H. and Sugimoto, E. and Sadaoka, Y. and Imanaka, N. and Adachi, G.},
   title = {IONIC-CONDUCTIVITY OF SOLID ELECTROLYTES BASED ON LITHIUM TITANIUM PHOSPHATE},
   journal = {Journal of the Electrochemical Society},
   volume = {137},
   number = {4},
   pages = {1023-1027},
   ISSN = {0013-4651},
   DOI = {10.1149/1.2086597},
   url = {<Go to ISI>://WOS:A1990CX65600002},
   year = {1990},
   type = {Journal Article}
}

@article{RN100,
   author = {Aono, H. and Sugimoto, E. and Sadaoka, Y. and Imanaka, N. and Adachi, G. Y.},
   title = {IONIC-CONDUCTIVITY OF THE LITHIUM TITANIUM PHOSPHATE (LI1+XALXTI2-X(PO4)3), (LI1+XSCXTI2-X(PO4)3), (LI1+XYXTI2-X(PO4)3), (LI1+XLAXTI2-X(PO4)3 SYSTEMS},
   journal = {Journal of the Electrochemical Society},
   volume = {136},
   number = {2},
   pages = {590-591},
   ISSN = {0013-4651},
   DOI = {10.1149/1.2096693},
   url = {<Go to ISI>://WOS:A1989T291400062},
   year = {1989},
   type = {Journal Article}
}

@article{RN53,
   author = {Author links open overlay panel    Bates, J.B. and Dudney, N.J. and Gruzalski, G.R. and Zuhr, R.A. and Choudhury, A. and Luck, C.F. and Robertson, J.D.},
   title = {Electrical properties of amorphous lithium electrolyte thin films},
   journal = {Solid State Ionics},
   volume = {53-56},
   number = {647-654},
   year = {1992},
   type = {Journal Article}
}

@article{RN52,
   author = {Author links open overlay panel   Kelly, I.E. and Owen, J.R. and Steele, B   .C.H.},
   title = {Poly(ethylene oxide) electrolytes for operation at near room temperature},
   journal = {Journal of Power Sources},
   volume = {13},
   pages = {13-21},
   year = {1985},
   type = {Journal Article}
}

@article{RN124,
   author = {Bachman, J. C. and Muy, S. and Grimaud, A. and Chang, H. H. and Pour, N. and Lux, S. F. and Paschos, O. and Maglia, F. and Lupart, S. and Lamp, P. and Giordano, L. and Shao-Horn, Y.},
   title = {Inorganic Solid-State Electrolytes for Lithium Batteries: Mechanisms and Properties Governing Ion Conduction},
   journal = {Chemical Reviews},
   volume = {116},
   number = {1},
   pages = {140-162},
   ISSN = {0009-2665},
   DOI = {10.1021/acs.chemrev.5b00563},
   url = {<Go to ISI>://WOS:000368323200004},
   year = {2016},
   type = {Journal Article}
}

@article{RN78,
   author = {Bhalla, A. S. and Guo, R. Y. and Roy, R.},
   title = {The perovskite structure - a review of its role in ceramic science and technology},
   journal = {Materials Research Innovations},
   volume = {4},
   number = {1},
   pages = {3-26},
   ISSN = {1432-8917},
   DOI = {10.1007/s100190000062},
   url = {<Go to ISI>://WOS:000165743700002},
   year = {2000},
   type = {Journal Article}
}

@article{RN69,
   author = {Bielefeld, A. and Weber, D. A. and Janek, J.},
   title = {Microstructural Modeling of Composite Cathodes for All-Solid-State Batteries},
   journal = {Journal of Physical Chemistry C},
   volume = {123},
   number = {3},
   pages = {1626-1634},
   ISSN = {1932-7447},
   DOI = {10.1021/acs.jpcc.8b11043},
   url = {<Go to ISI>://WOS:000457067500013},
   year = {2019},
   type = {Journal Article}
}

@article{RN106,
   author = {Braga, M. H. and Ferreira, J. A. and Stockhausen, V. and Oliveira, J. E. and El-Azab, A.},
   title = {Novel Li3ClO based glasses with superionic properties for lithium batteries},
   journal = {Journal of Materials Chemistry A},
   volume = {2},
   number = {15},
   pages = {5470-5480},
   ISSN = {2050-7488},
   DOI = {10.1039/c3ta15087a},
   url = {<Go to ISI>://WOS:000333101600039},
   year = {2014},
   type = {Journal Article}
}

@article{RN108,
   author = {Braga, M. H. and Grundish, N. S. and Murchison, A. J. and Goodenough, J. B.},
   title = {Alternative strategy for a safe rechargeable battery},
   journal = {Energy & Environmental Science},
   volume = {10},
   number = {1},
   pages = {331-336},
   ISSN = {1754-5692},
   DOI = {10.1039/c6ee02888h},
   url = {<Go to ISI>://WOS:000395208000030},
   year = {2017},
   type = {Journal Article}
}

@article{RN55,
   author = {Braga, M. H. and Grundish, N. S. and Murchison, A. J. and Goodenough, J. B.},
   title = {Alternative strategy for a safe rechargeable battery},
   journal = {Energy & Environmental Science},
   volume = {10},
   number = {1},
   pages = {331-336},
   ISSN = {1754-5692},
   DOI = {10.1039/c6ee02888h},
   url = {<Go to ISI>://WOS:000395208000030},
   year = {2017},
   type = {Journal Article}
}

@article{RN109,
   author = {Braga, M. H. and Murchison, A. J. and Ferreira, J. A. and Singh, P. and Goodenough, J. B.},
   title = {Glass-amorphous alkali-ion solid electrolytes and their performance in symmetrical cells},
   journal = {Energy & Environmental Science},
   volume = {9},
   number = {3},
   pages = {948-954},
   ISSN = {1754-5692},
   DOI = {10.1039/c5ee02924d},
   url = {<Go to ISI>://WOS:000372243600024},
   year = {2016},
   type = {Journal Article}
}

@article{RN97,
   author = {Brant, J. A. and Massi, D. M. and Holzwarth, N. A. W. and MacNeil, J. H. and Douvalis, A. P. and Bakas, T. and Martin, S. W. and Gross, M. D. and Aitken, J. A.},
   title = {Fast Lithium Ion Conduction in Li2SnS3: Synthesis, Physicochemical Characterization, and Electronic Structure},
   journal = {Chemistry of Materials},
   volume = {27},
   number = {1},
   pages = {189-196},
   ISSN = {0897-4756},
   DOI = {10.1021/cm5037524},
   url = {<Go to ISI>://WOS:000348085300025},
   year = {2015},
   type = {Journal Article}
}

@article{RN2,
   author = {Briggs, J. R.},
   title = {THE SELECTIVE TRIMERIZATION OF ETHYLENE TO HEX-1-ENE},
   journal = {Journal of the Chemical Society-Chemical Communications},
   number = {11},
   pages = {674-675},
   ISSN = {0022-4936},
   DOI = {10.1039/c39890000674},
   url = {<Go to ISI>://WOS:A1989AA91500002},
   year = {1989},
   type = {Journal Article}
}

@article{RN25,
   author = {Carter, A. and Cohen, S. A. and Cooley, N. A. and Murphy, A. and Scutt, J. and Wass, D. F.},
   title = {High activity ethylene trimerisation catalysts based on diphosphine ligands},
   journal = {Chemical Communications},
   number = {8},
   pages = {858-859},
   ISSN = {1359-7345},
   DOI = {10.1039/b201335e},
   url = {<Go to ISI>://WOS:000174999900029},
   year = {2002},
   type = {Journal Article}
}

@book{RN82,
   author = {Catlow, C. R. A.},
   title = {Computer Modeling in Inorganic Crystallography},
   publisher = {Academic
Press: San Diego},
   year = {1997},
   type = {Book}
}

@article{RN98,
   author = {Chowdari, B. V. R. and Radhakrishnan, K. and Thomas, K. A. and Rao, G. V. S.},
   title = {IONIC-CONDUCTIVITY STUDIES ON LI1-XM2-XMX'P3O12 (M=HF, ZR - M' =TI, NB)},
   journal = {Materials Research Bulletin},
   volume = {24},
   number = {2},
   pages = {221-229},
   ISSN = {0025-5408},
   DOI = {10.1016/0025-5408(89)90129-3},
   url = {<Go to ISI>://WOS:A1989T256500013},
   year = {1989},
   type = {Journal Article}
}

@article{RN51,
   author = {Coetzer, J},
   title = {A new high energy density battery system},
   journal = {Journal of Power Sources},
   volume = {18},
   pages = {377-380},
   year = {1986},
   type = {Journal Article}
}

@article{RN9,
   author = {Cossee, P.},
   title = {Ziegler-Natta catalysis I. Mechanism of polymerization of Î±-olefins with Ziegler-Natta catalysts},
   journal = {Journal of Catalysis},
   volume = {3},
   number = {1},
   pages = {80-88},
   year = {1964},
   type = {Journal Article}
}

@article{RN11,
   author = {Crabtree, R.H.},
   title = {Deactivation in Homogeneous Transition Metal Catalysis: Causes, Avoidance, and Cure},
   journal = {Chemical Reviews},
   volume = {115},
   pages = {127-150},
   year = {2015},
   type = {Journal Article}
}

@article{RN47,
   author = {Davies, S. G. and Green, M. L. H. and Mingos, D. M. P.},
   title = {NUCLEOPHILIC-ADDITION TO ORGANOTRANSITION METAL-CATIONS CONTAINING UNSATURATED HYDROCARBON LIGANDS - SURVEY AND INTERPRETATION},
   journal = {Tetrahedron},
   volume = {34},
   number = {20},
   pages = {3047-3077},
   ISSN = {0040-4020},
   DOI = {10.1016/0040-4020(78)87001-x},
   url = {<Go to ISI>://WOS:A1978FV24100001},
   year = {1978},
   type = {Journal Article}
}

@article{RN73,
   author = {Dawson, J. A. and Attari, T. S. and Chen, H. R. and Emge, S. P. and Johnston, K. E. and Islam, M. S.},
   title = {Elucidating lithium-ion and proton dynamics in anti-perovskite solid electrolytes},
   journal = {Energy & Environmental Science},
   volume = {11},
   number = {10},
   pages = {2993-3002},
   ISSN = {1754-5692},
   DOI = {10.1039/c8ee00779a},
   url = {<Go to ISI>://WOS:000448339100023},
   year = {2018},
   type = {Journal Article}
}

@article{RN77,
   author = {Dawson, J. A. and Canepa, P. and Famprikis, T. and Masquelier, C. and Islam, M. S.},
   title = {Atomic-Scale Influence of Grain Boundaries on Li-Ion Conduction in Solid Electrolytes for All-Solid-State Batteries},
   journal = {Journal of the American Chemical Society},
   volume = {140},
   number = {1},
   pages = {362-368},
   ISSN = {0002-7863},
   DOI = {10.1021/jacs.7b10593},
   url = {<Go to ISI>://WOS:000422813300065},
   year = {2018},
   type = {Journal Article}
}

@article{RN74,
   author = {Dawson, James A. and Chen, Hungru and Islam, M. Saiful},
   title = {Composition Screening of Lithium- and Sodium-Rich Anti-Perovskites for Fast-Conducting Solid Electrolytes},
   journal = {The Journal of Physical Chemistry C},
   volume = {122},
   number = {42},
   pages = {23978-23984},
   ISSN = {1932-7447},
   DOI = {10.1021/acs.jpcc.8b08208},
   url = {https://doi.org/10.1021/acs.jpcc.8b08208},
   year = {2018},
   type = {Journal Article}
}

@article{RN96,
   author = {de Klerk, N. J. J. and Roslon, T. and Wagemaker, M.},
   title = {Diffusion Mechanism of Li Argyrodite Solid Electrolytes for Li-Ion Batteries and Prediction of Optimized Halogen Doping: The Effect of Li Vacancies, Halogens, and Halogen Disorder},
   journal = {Chemistry of Materials},
   volume = {28},
   number = {21},
   pages = {7955-7963},
   ISSN = {0897-4756},
   DOI = {10.1021/acs.chemmater.6b03630},
   url = {<Go to ISI>://WOS:000387518500046},
   year = {2016},
   type = {Journal Article}
}

@article{RN89,
   author = {Deng, Z. and Wang, Z. B. and Chu, I. H. and Luo, J. and Ong, S. P.},
   title = {Elastic Properties of Alkali Superionic Conductor Electrolytes from First Principles Calculations},
   journal = {Journal of the Electrochemical Society},
   volume = {163},
   number = {2},
   pages = {A67-A74},
   ISSN = {0013-4651},
   DOI = {10.1149/2.0061602jes},
   url = {<Go to ISI>://WOS:000367324400011},
   year = {2016},
   type = {Journal Article}
}

@article{RN84,
   author = {Dick, B. G. and Overhauser, A. W.},
   title = {Theory of the Dielectric Constants of Alkali Halide Crystals},
   journal = {Physical Review},
   volume = {112},
   pages = {90},
   year = {1958},
   type = {Journal Article}
}

@article{RN79,
   author = {Emly, A. and Kioupakis, E. and Van der Ven, A.},
   title = {Phase Stability and Transport Mechanisms in Antiperovskite Li3OCl and Li3OBr Superionic Conductors},
   journal = {Chemistry of Materials},
   volume = {25},
   number = {23},
   pages = {4663-4670},
   ISSN = {0897-4756},
   DOI = {10.1021/cm4016222},
   url = {<Go to ISI>://WOS:000328437300003},
   year = {2013},
   type = {Journal Article}
}

@article{RN120,
   author = {Emly, A. and Kioupakis, E. and Van der Ven, A.},
   title = {Phase Stability and Transport Mechanisms in Antiperovskite Li3OCl and Li3OBr Superionic Conductors},
   journal = {Chemistry of Materials},
   volume = {25},
   number = {23},
   pages = {4663-4670},
   ISSN = {0897-4756},
   DOI = {10.1021/cm4016222},
   url = {<Go to ISI>://WOS:000328437300003},
   year = {2013},
   type = {Journal Article}
}

@article{RN3,
   author = {Emrich, R. and Heinemann, O. and Jolly, P. W. and Kruger, C. and Verhovnik, G. P. J.},
   title = {The role of metallacycles in the chromium-catalyzed trimerization of ethylene},
   journal = {Organometallics},
   volume = {16},
   number = {8},
   pages = {1511-1513},
   ISSN = {0276-7333},
   DOI = {10.1021/om961044c},
   url = {<Go to ISI>://WOS:A1997WU31800001},
   year = {1997},
   type = {Journal Article}
}

@article{RN38,
   author = {Evans, D. F.},
   title = {The determination of the paramagnetic susceptibility of substances in solution by nuclear magnetic resonance},
   journal = {Journal of Chemical Society},
   pages = {2003},
   year = {1959},
   type = {Journal Article}
}

@article{RN65,
   author = {Famprikis, T. and Canepa, P. and Dawson, J. A. and Islam, M. S. and Masquelier, C.},
   title = {Fundamentals of inorganic solid-state electrolytes for batteries},
   journal = {Nature Materials},
   volume = {18},
   number = {12},
   pages = {1278-1291},
   ISSN = {1476-1122},
   DOI = {10.1038/s41563-019-0431-3},
   url = {<Go to ISI>://WOS:000497968400010},
   year = {2019},
   type = {Journal Article}
}

@article{RN66,
   author = {Famprikis, T. and Canepa, P. and Dawson, J. A. and Islam, M. S. and Masquelier, C.},
   title = {Fundamentals of inorganic solid-state electrolytes for batteries},
   journal = {Nature Materials},
   volume = {18},
   number = {12},
   pages = {1278-1291},
   ISSN = {1476-1122},
   DOI = {10.1038/s41563-019-0431-3},
   url = {<Go to ISI>://WOS:000497968400010},
   year = {2019},
   type = {Journal Article}
}

@article{RN49,
   author = {Faraday, Michael},
   title = {Experimental researches in electricity},
   journal = {Philosophical Transactions of the Royal Society},
   volume = {123},
   pages = {23-54},
   year = {1833},
   type = {Journal Article}
}

@article{RN31,
   author = {Ferrauto, G. and Di Gregorio, E. and Delli Castelli, D. and Aime, S.},
   title = {CEST-MRI studies of cells loaded with lanthanide shift reagents},
   journal = {Magnetic Resonance in Medicine},
   volume = {80},
   number = {4},
   pages = {1626-1637},
   ISSN = {0740-3194},
   DOI = {10.1002/mrm.27157},
   url = {<Go to ISI>://WOS:000448869800031},
   year = {2018},
   type = {Journal Article}
}

@article{RN10,
   author = {Flory, P.J.},
   title = {Molecular Size Distribution in Linear Condensation Polymer},
   journal = {American Chemical Society},
   volume = {58},
   pages = {1877-1885},
   year = {1936},
   type = {Journal Article}
}

@article{RN8,
   author = {Freitas, E. R. and Gum, C. R.},
   title = {Shell's higher olefins process},
   journal = {Chemical Engineering Progress},
   volume = {75},
   pages = {73-76},
   year = {1979},
   type = {Journal Article}
}

@article{RN22,
   author = {Gong, M. L. and Liu, Z. and Li, Y. H. and Ma, Y. and Sun, Q. Q. and Zhang, J. L. and Liu, B. P.},
   title = {Selective Co-Oligomerization of Ethylene and 1-Hexene by Chromium-PNP Catalysts: A DFT Study},
   journal = {Organometallics},
   volume = {35},
   number = {7},
   pages = {972-981},
   ISSN = {0276-7333},
   DOI = {10.1021/acs.organomet.5b01029},
   url = {<Go to ISI>://WOS:000374077200009},
   year = {2016},
   type = {Journal Article}
}

@article{RN111,
   author = {Goodenough, J. B. and Hong, H. Y. P. and Kafalas, J. A.},
   title = {FAST NA+-ION TRANSPORT IN SKELETON STRUCTURES},
   journal = {Materials Research Bulletin},
   volume = {11},
   number = {2},
   pages = {203-220},
   ISSN = {0025-5408},
   DOI = {10.1016/0025-5408(76)90077-5},
   url = {<Go to ISI>://WOS:A1976BD53700014},
   year = {1976},
   type = {Journal Article}
}

@article{RN19,
   author = {Grabow, K. and Bentrup, U.},
   title = {Homogeneous Catalytic Processes Monitored by Combined in Situ ATR-IR, UV-Vis, and Raman Spectroscopy},
   journal = {Acs Catalysis},
   volume = {4},
   number = {7},
   pages = {2153-2164},
   ISSN = {2155-5435},
   DOI = {10.1021/cs500363n},
   url = {<Go to ISI>://WOS:000338693100008},
   year = {2014},
   type = {Journal Article}
}

@article{RN20,
   author = {Gunasekara, T. and Kim, J. and Preston, A. and Steelman, D. K. and Medvedev, G. A. and Delgass, W. N. and Sydora, O. L. and Caruthers, J. M. and Abu-Omar, M. M.},
   title = {Mechanistic Insights into Chromium-Catalyzed Ethylene Trimerization},
   journal = {Acs Catalysis},
   volume = {8},
   number = {8},
   pages = {6810-6819},
   ISSN = {2155-5435},
   DOI = {10.1021/acscatal.8b00468},
   url = {<Go to ISI>://WOS:000441112400006},
   year = {2018},
   type = {Journal Article}
}

@article{RN122,
   author = {Hainovsky, N. and Maier, J.},
   title = {SIMPLE PHENOMENOLOGICAL APPROACH TO PREMELTING AND SUBLATTICE MELTING IN FRENKEL DISORDERED IONIC-CRYSTALS},
   journal = {Physical Review B},
   volume = {51},
   number = {22},
   pages = {15789-15797},
   ISSN = {0163-1829},
   DOI = {10.1103/PhysRevB.51.15789},
   url = {<Go to ISI>://WOS:A1995RD55200010},
   year = {1995},
   type = {Journal Article}
}

@misc{RN71,
   year = {2017},
   type = {Newspaper Article}
}

@article{RN43,
   author = {Hanwell, M. D. and Curtis, D. E. and Lonie, D. C. and Vandermeersch, T. and Zurek, E. and Hutchison, G. R.},
   title = {Avogadro: an advanced semantic chemical editor, visualization, and analysis platform},
   journal = {Journal of Cheminformatics},
   volume = {4},
   pages = {17},
   ISSN = {1758-2946},
   DOI = {10.1186/1758-2946-4-17},
   url = {<Go to ISI>://WOS:000314024000001},
   year = {2012},
   type = {Journal Article}
}

@inbook{RN30,
   author = {Hauser, A. and Reber, C.},
   title = {Spectroscopy and Chemical Bonding in Transition Metal Complexes},
   booktitle = {50 Years of Structure and Bonding - the Anniversary Volume},
   editor = {Mingos, D. M. P.},
   series = {Structure and Bonding},
   publisher = {Springer},
   address = {New York},
   volume = {172},
   pages = {291-312},
   ISBN = {978-3-319-35138-4; 978-3-319-35136-0},
   DOI = {10.1007/430_2015_195},
   url = {<Go to ISI>://WOS:000395373500012},
   year = {2016},
   type = {Book Section}
}

@article{RN115,
   author = {Hayashi, A. and Noi, K. and Sakuda, A. and Tatsumisago, M.},
   title = {Superionic glass-ceramic electrolytes for room-temperature rechargeable sodium batteries},
   journal = {Nature Communications},
   volume = {3},
   pages = {5},
   ISSN = {2041-1723},
   DOI = {10.1038/ncomms1843},
   url = {<Go to ISI>://WOS:000304611400051},
   year = {2012},
   type = {Journal Article}
}

@phdthesis{RN83,
   author = {Heath, Jennifer},
   title = {Beyond Lithium: Atomic-Scale Insights Into Cathode Materials For Sodium And Magnesium Rechargable Batteries},
   university = {University of Bath},
   year = {2017},
   type = {Thesis}
}

@article{RN128,
   author = {Hippler, K. and Sitta, S. and Vogt, P. and Sabrowsky, H.},
   title = {STRUCTURE OF NA3OCL},
   journal = {Acta Crystallographica Section C-Crystal Structure Communications},
   volume = {46},
   pages = {736-738},
   ISSN = {0108-2701},
   DOI = {10.1107/s010827018900990x},
   url = {<Go to ISI>://WOS:A1990DH62600003},
   year = {1990},
   type = {Journal Article}
}

@article{RN110,
   author = {Hueso, K. B. and Armand, M. and Rojo, T.},
   title = {High temperature sodium batteries: status, challenges and future trends},
   journal = {Energy & Environmental Science},
   volume = {6},
   number = {3},
   pages = {734-749},
   ISSN = {1754-5692},
   DOI = {10.1039/c3ee24086j},
   url = {<Go to ISI>://WOS:000315165700005},
   year = {2013},
   type = {Journal Article}
}

@article{RN54,
   author = {Inakuma, Yoshiyuki and Liquan, Chen and Itoh, Mitsuru and Nakamura, TetsurÅ and Uchida, Takashi and Ikuta, Hiromasa and Wakihara, Masataka},
   title = {High ionic conductivity in lithium lanthanum titanate},
   journal = {Solid State Communications},
   volume = {86},
   pages = {689-693},
   year = {1993},
   type = {Journal Article}
}

@article{RN59,
   author = {Inoue, T. and Mukai, K.},
   title = {Are All-Solid-State Lithium-Ion Batteries Really Safe?-Verification by Differential Scanning Calorimetry with an All-Inclusive Microcell},
   journal = {Acs Applied Materials & Interfaces},
   volume = {9},
   number = {2},
   pages = {1507-1515},
   ISSN = {1944-8244},
   DOI = {10.1021/acsami.6b13224},
   url = {<Go to ISI>://WOS:000392458300037},
   year = {2017},
   type = {Journal Article}
}

@article{RN16,
   author = {Jabri, A. and Temple, C. and Crewdson, P. and Gambarotta, S. and Korobkov, I. and Duchateau, R.},
   title = {Role of the metal oxidation state in the SNS-Cr catalyst for ethylene trimerization: Isolation of di- and trivalent cationic intermediates},
   journal = {Journal of the American Chemical Society},
   volume = {128},
   number = {28},
   pages = {9238-9247},
   ISSN = {0002-7863},
   DOI = {10.1021/ja0623717},
   url = {<Go to ISI>://WOS:000238972900054},
   year = {2006},
   type = {Journal Article}
}

@inbook{RN32,
   author = {Jacobsen, N. E.},
   title = {NMR RELAXATION-INVERSION-RECOVERY AND THE NUCLEAR OVERHAUSER EFFECT (NOE)},
   booktitle = {Nmr Spectroscopy Explained: Simplified Theory, Applications and Examples for Organic Chemistry and Structural Biology},
   publisher = {Blackwell Science Publ},
   address = {Oxford},
   pages = {155-199},
   ISBN = {978-0-470-17335-0},
   year = {2007},
   type = {Book Section}
}

@article{RN87,
   author = {Janek, J. and Zeier, W. G.},
   title = {A solid future for battery development},
   journal = {Nature Energy},
   volume = {1},
   pages = {4},
   ISSN = {2058-7546},
   DOI = {10.1038/nenergy.2016.141},
   url = {<Go to ISI>://WOS:000394785800001},
   year = {2016},
   type = {Journal Article}
}

@inbook{RN7,
   author = {Janovic, Z. and Jukic, A.},
   title = {Progress in Polymerization of Olefins and Polyolefin Materials},
   booktitle = {Annual 2015 of the Croatian Academy of Engineering},
   editor = {Androcec, V.},
   series = {Annual of the Croatian Academy of Engineering},
   publisher = {Croatian Academy Engineering},
   address = {Zagreb},
   pages = {111-134},
   url = {<Go to ISI>://WOS:000379450000007},
   year = {2016},
   type = {Book Section}
}

@article{RN114,
   author = {Jolley, A. G. and Taylor, D. D. and Schreiber, N. J. and Wachsman, E. D.},
   title = {Structural Investigation of Monoclinic-Rhombohedral Phase Transition in Na3Zr2Si2PO12 and Doped NASICON},
   journal = {Journal of the American Ceramic Society},
   volume = {98},
   number = {9},
   pages = {2902-2907},
   ISSN = {0002-7820},
   DOI = {10.1111/jace.13692},
   url = {<Go to ISI>://WOS:000362229400040},
   year = {2015},
   type = {Journal Article}
}

@article{RN42,
   author = {Kabilan, S.},
   title = {ChemOffice: ChemDraw, ChemACX & Chem3D},
   journal = {Chemicke Listy},
   volume = {100},
   number = {4},
   pages = {A10-A11},
   ISSN = {0009-2770},
   url = {<Go to ISI>://WOS:000237048100003},
   year = {2006},
   type = {Journal Article}
}

@article{RN93,
   author = {Kamaya, N. and Homma, K. and Yamakawa, Y. and Hirayama, M. and Kanno, R. and Yonemura, M. and Kamiyama, T. and Kato, Y. and Hama, S. and Kawamoto, K. and Mitsui, A.},
   title = {A lithium superionic conductor},
   journal = {Nature Materials},
   volume = {10},
   number = {9},
   pages = {682-686},
   ISSN = {1476-1122},
   DOI = {10.1038/nmat3066},
   url = {<Go to ISI>://WOS:000294156800012},
   year = {2011},
   type = {Journal Article}
}

@article{RN58,
   author = {Kamaya, N. and Homma, K. and Yamakawa, Y. and Hirayama, M. and Kanno, R. and Yonemura, M. and Kamiyama, T. and Kato, Y. and Hama, S. and Kawamoto, K. and Mitsui, A.},
   title = {A lithium superionic conductor},
   journal = {Nature Materials},
   volume = {10},
   number = {9},
   pages = {682-686},
   ISSN = {1476-1122},
   DOI = {10.1038/nmat3066},
   url = {<Go to ISI>://WOS:000294156800012},
   year = {2011},
   type = {Journal Article}
}

@article{RN94,
   author = {Kato, Y. and Kawamoto, K. and Kanno, R. and Hirayama, M.},
   title = {Discharge Performance of All-Solid-State Battery Using a Lithium Superionic Conductor Li10GeP2S12},
   journal = {Electrochemistry},
   volume = {80},
   number = {10},
   pages = {749-751},
   ISSN = {1344-3542},
   DOI = {10.5796/electrochemistry.80.749},
   url = {<Go to ISI>://WOS:000309802400016},
   year = {2012},
   type = {Journal Article}
}

@article{RN12,
   author = {Killian, C. M. and Johnson, L. K. and Brookhart, M.},
   title = {Preparation of Linear Î±-Olefins Using Cationic Nickel(II) Î±-Diimine Catalysts},
   journal = {Organometallics},
   volume = {16},
   pages = {2005-2007},
   year = {1997},
   type = {Journal Article}
}

@article{RN126,
   author = {Kim, K. and Siegel, D. J.},
   title = {Correlating lattice distortions, ion migration barriers, and stability in solid electrolytes},
   journal = {Journal of Materials Chemistry A},
   volume = {7},
   number = {7},
   pages = {3216-3227},
   ISSN = {2050-7488},
   DOI = {10.1039/c8ta10989c},
   url = {<Go to ISI>://WOS:000458682100027},
   year = {2019},
   type = {Journal Article}
}

@article{RN18,
   author = {Klemps, C. and Payet, E. and Magna, L. and Saussine, L. and Le Goff, X. F. and Le Floch, P.},
   title = {PCNCP Ligands in the Chromium-Catalyzed Oligomerization of Ethylene: Tri- versus Tetramerization},
   journal = {Chemistry-a European Journal},
   volume = {15},
   number = {33},
   pages = {8259-8268},
   ISSN = {0947-6539},
   DOI = {10.1002/chem.200900986},
   url = {<Go to ISI>://WOS:000269231800019},
   year = {2009},
   type = {Journal Article}
}

@article{RN64,
   author = {Koerver, R. and Aygun, I. and Leichtweiss, T. and Dietrich, C. and Zhang, W. B. and Binder, J. O. and Hartmann, P. and Zeier, W. G. and Janek, J.},
   title = {Capacity Fade in Solid-State Batteries: Interphase Formation and Chemomechanical Processes in Nickel-Rich Layered Oxide Cathodes and Lithium Thiophosphate Solid Electrolytes},
   journal = {Chemistry of Materials},
   volume = {29},
   number = {13},
   pages = {5574-5582},
   ISSN = {0897-4756},
   DOI = {10.1021/acs.chemmater.7b00931},
   url = {<Go to ISI>://WOS:000405535700017},
   year = {2017},
   type = {Journal Article}
}

@article{RN63,
   author = {Koerver, R. and Zhang, W. B. and de Biasi, L. and Schweidler, S. and Kondrakov, A. O. and Kolling, S. and Brezesinski, T. and Hartmann, P. and Zeier, W. G. and Janek, J.},
   title = {Chemo-mechanical expansion of lithium electrode materials - on the route to mechanically optimized all-solid-state batteries},
   journal = {Energy & Environmental Science},
   volume = {11},
   number = {8},
   pages = {2142-2158},
   ISSN = {1754-5692},
   DOI = {10.1039/c8ee00907d},
   url = {<Go to ISI>://WOS:000442262900022},
   year = {2018},
   type = {Journal Article}
}

@article{RN36,
   author = {Kohn, R. D. and Haufe, M. and Kociok-Kohn, G.},
   title = {Observation of intramolecular paramagnetic T-1 spin decoupling in the C-13 NMR spectra of triazacyclohexane complexes of Ni(II)},
   journal = {Journal of the American Chemical Society},
   volume = {128},
   number = {33},
   pages = {10682-10683},
   ISSN = {0002-7863},
   DOI = {10.1021/ja063357x},
   url = {<Go to ISI>://WOS:000239791100024},
   year = {2006},
   type = {Journal Article}
}

@article{RN26,
   author = {Kohn, R. D. and Haufe, M. and Kociok-Kohn, G. and Grimm, S. and Wasserscheid, P. and Keim, W.},
   title = {Selective trimerization of Î±-olefins with triazacyclohexane complexes of chromium as catalysts},
   journal = {Angewandte Chemie},
   volume = {39},
   pages = {4337-4339},
   year = {2000},
   type = {Journal Article}
}

@article{RN28,
   author = {Kohn, R. D. and Smith, D. and Mahon, M. F. and Prinz, M. and Mihan, S. and Kociok-Kohn, G.},
   title = {Coordination chemistry of the activation of (triazacyclohexane)CrCl3 with PhNMe2H B(C6F5)(4) and AlR3},
   journal = {Journal of Organometallic Chemistry},
   volume = {683},
   number = {1},
   pages = {200-208},
   ISSN = {0022-328X},
   DOI = {10.1016/s0022-328x(03)00634-x},
   url = {<Go to ISI>://WOS:000185957300024},
   year = {2003},
   type = {Journal Article}
}

@article{RN46,
   author = {Kossmann, S. and Kirchner, B. and Neese, F.},
   title = {Performance of modern density functional theory for the prediction of hyperfine structure: meta-GGA and double hybrid functionals},
   journal = {Molecular Physics},
   volume = {105},
   number = {15-16},
   pages = {2049-2071},
   ISSN = {0026-8976},
   DOI = {10.1080/00268970701604655},
   url = {<Go to ISI>://WOS:000251714600006},
   year = {2007},
   type = {Journal Article}
}

@article{RN116,
   author = {Krauskopf, T. and Culver, S. P. and Zeier, W. G.},
   title = {Local Tetragonal Structure of the Cubic Superionic Conductor Na3PS4},
   journal = {Inorganic Chemistry},
   volume = {57},
   number = {8},
   pages = {4739-4744},
   ISSN = {0020-1669},
   DOI = {10.1021/acs.inorgchem.8b00458},
   url = {<Go to ISI>://WOS:000430437400058},
   year = {2018},
   type = {Journal Article}
}

@inbook{RN29,
   author = {Kruk, D.},
   title = {Essentials of the Theory of Spin Relaxation as Needed for Field-cycling NMR},
   booktitle = {Field-Cycling Nmr Relaxometry: Instrumentation, Model Theories and Applications},
   editor = {Kimmich, R.},
   series = {New Developments in NMR},
   publisher = {Royal Soc Chemistry},
   address = {Cambridge},
   volume = {18},
   pages = {42-66},
   ISBN = {978-1-78801-296-6; 978-1-78801-154-9},
   url = {<Go to ISI>://WOS:000487838500003},
   year = {2019},
   type = {Book Section}
}

@article{RN27,
   author = {Kwon, D. H. and Fuller, J. T. and Kilgore, U. J. and Sydora, O. L. and Bischof, S. M. and Ess, D. H.},
   title = {Computational Transition-State Design Provides Experimentally Verified Cr(P,N) Catalysts for Control of Ethylene Trimerization and Tetramerization},
   journal = {Acs Catalysis},
   volume = {8},
   number = {2},
   pages = {1138-1142},
   ISSN = {2155-5435},
   DOI = {10.1021/acscatal.7b04026},
   url = {<Go to ISI>://WOS:000424735000049},
   year = {2018},
   type = {Journal Article}
}

@article{RN1,
   author = {Lee, Dong-Gun and Lim, Jong-Se and Kim, Young-Ju and Woo, Nam-Sub and Han, Sang-Mok and Ha, Jiho},
   title = {Monitoring and Detection of Paraffin Wax Deposition Process Based on Ultrasonic Analysis},
   journal = {Journal of Nanoscience and Nanotechnology},
   volume = {20},
   number = {1},
   pages = {168-176},
   ISSN = {1533-4880},
   DOI = {10.1166/jnn.2020.17282},
   url = {<Go to ISI>://WOS:000484770600019},
   year = {2020},
   type = {Journal Article}
}

@article{RN61,
   author = {Li, J. C. and Ma, C. and Chi, M. F. and Liang, C. D. and Dudney, N. J.},
   title = {Solid Electrolyte: the Key for High-Voltage Lithium Batteries},
   journal = {Advanced Energy Materials},
   volume = {5},
   number = {4},
   pages = {6},
   ISSN = {1614-6832},
   DOI = {10.1002/aenm.201401408},
   url = {<Go to ISI>://WOS:000350566000010},
   year = {2015},
   type = {Journal Article}
}

@article{RN72,
   author = {Li, Y. T. and Zhou, W. D. and Xin, S. and Li, S. and Zhu, J. L. and Lu, X. J. and Cui, Z. M. and Jia, Q. X. and Zhou, J. S. and Zhao, Y. S. and Goodenough, J. B.},
   title = {Fluorine-Doped Antiperovskite Electrolyte for All-Solid-State Lithium-Ion Batteries},
   journal = {Angewandte Chemie-International Edition},
   volume = {55},
   number = {34},
   pages = {9965-9968},
   ISSN = {1433-7851},
   DOI = {10.1002/anie.201604554},
   url = {<Go to ISI>://WOS:000383373000026},
   year = {2016},
   type = {Journal Article}
}

@article{RN6,
   author = {Liu, Pingwei and Liu, Weifeng and Wang, Wen-Jun and Li, Bo-Geng and Zhu, Shiping},
   title = {A Comprehensive Review on Controlled Synthesis of Long-Chain Branched Polyolefins: Part 3, Characterization of Long-Chain Branched Polymers},
   journal = {Macromolecular Reaction Engineering},
   volume = {11},
   number = {1},
   ISSN = {1862-832X},
   DOI = {10.1002/mren.201600012},
   year = {2017},
   type = {Journal Article}
}

@article{RN76,
   author = {Lu, X. J. and Howard, J. W. and Chen, A. P. and Zhu, J. L. and Li, S. and Wu, G. and Dowden, P. and Xu, H. W. and Zhao, Y. S. and Jia, Q. X.},
   title = {Antiperovskite Li3OCl Superionic Conductor Films for Solid-State Li-Ion Batteries},
   journal = {Advanced Science},
   volume = {3},
   number = {3},
   pages = {5},
   ISSN = {2198-3844},
   DOI = {10.1002/advs.201500359},
   url = {<Go to ISI>://WOS:000372508400003},
   year = {2016},
   type = {Journal Article}
}

@article{RN60,
   author = {Luntz, A. C. and Voss, J. and Reuter, K.},
   title = {Interfacial Challenges in Solid-State Li Ion Batteries},
   journal = {Journal of Physical Chemistry Letters},
   volume = {6},
   number = {22},
   pages = {4599-4604},
   ISSN = {1948-7185},
   DOI = {10.1021/acs.jpclett.5b02352},
   url = {<Go to ISI>://WOS:000365460700024},
   year = {2015},
   type = {Journal Article}
}

@article{RN68,
   author = {Ma, C. and Chen, K. and Liang, C. D. and Nan, C. W. and Ishikawa, R. and More, K. and Chi, M. F.},
   title = {Atomic-scale origin of the large grain-boundary resistance in perovskite Li-ion-conducting solid electrolytes},
   journal = {Energy & Environmental Science},
   volume = {7},
   number = {5},
   pages = {1638-1642},
   ISSN = {1754-5692},
   DOI = {10.1039/c4ee00382a},
   url = {<Go to ISI>://WOS:000335013700009},
   year = {2014},
   type = {Journal Article}
}

@article{RN92,
   author = {Ma, C. and Chen, K. and Liang, C. D. and Nan, C. W. and Ishikawa, R. and More, K. and Chi, M. F.},
   title = {Atomic-scale origin of the large grain-boundary resistance in perovskite Li-ion-conducting solid electrolytes},
   journal = {Energy & Environmental Science},
   volume = {7},
   number = {5},
   pages = {1638-1642},
   ISSN = {1754-5692},
   DOI = {10.1039/c4ee00382a},
   url = {<Go to ISI>://WOS:000335013700009},
   year = {2014},
   type = {Journal Article}
}

@article{RN113,
   author = {Ma, Q. L. and Guin, M. and Naqash, S. and Tsai, C. L. and Tietz, F. and Guillon, O.},
   title = {Scandium-Substituted Na3Zr2(SiO4)(2)(PO4) Prepared by a Solution Assisted Solid-State Reaction Method as Sodium-Ion Conductors},
   journal = {Chemistry of Materials},
   volume = {28},
   number = {13},
   pages = {4821-4828},
   ISSN = {0897-4756},
   DOI = {10.1021/acs.chemmater.6b02059},
   url = {<Go to ISI>://WOS:000379704100034},
   year = {2016},
   type = {Journal Article}
}

@article{RN48,
   author = {Manthiram, A. and Yu, X. W. and Wang, S. F.},
   title = {Lithium battery chemistries enabled by solid-state electrolytes},
   journal = {Nature Reviews Materials},
   volume = {2},
   number = {4},
   pages = {16},
   ISSN = {2058-8437},
   DOI = {10.1038/natrevmats.2016.103},
   url = {<Go to ISI>://WOS:000412392400001},
   year = {2017},
   type = {Journal Article}
}

@article{RN14,
   author = {Manyik, R. M. and Walker, W. E. and Wilson, T. P.},
   title = {A soluble chromium-based catalyst for ethylene trimerization and polymerization},
   journal = {Journal of Catalysis},
   volume = {47},
   pages = {197-209},
   year = {1977},
   type = {Journal Article}
}

@article{RN4,
   author = {McDermott, J. X. and White, J. F. and Whitesides, G. M.},
   title = {PREPARATION AND THERMAL-DECOMPOSITION OF PLATINUM(II) METALLOCYCLES},
   journal = {Journal of the American Chemical Society},
   volume = {95},
   number = {13},
   pages = {4451-4452},
   ISSN = {0002-7863},
   DOI = {10.1021/ja00794a068},
   url = {<Go to ISI>://WOS:A1973Q000600070},
   year = {1973},
   type = {Journal Article}
}

@article{RN21,
   author = {McDermott, J. X. and White, J. F. and Whitesides, G. M.},
   title = {THERMAL-DECOMPOSITION OF BIS(PHOSPHINE)PLATINUM(II) METALLOCYCLES},
   journal = {Journal of the American Chemical Society},
   volume = {98},
   number = {21},
   pages = {6521-6528},
   ISSN = {0002-7863},
   DOI = {10.1021/ja00437a018},
   url = {<Go to ISI>://WOS:A1976CG22700018},
   year = {1976},
   type = {Journal Article}
}

@article{RN23,
   author = {McGuinness, D. S.},
   title = {Olefin Oligomerization via Metallacycles: Dimerization, Trimerization, Tetramerization, and Beyond},
   journal = {Chemical Reviews},
   volume = {111},
   number = {3},
   pages = {2321-2341},
   ISSN = {0009-2665},
   DOI = {10.1021/cr100217q},
   url = {<Go to ISI>://WOS:000288820600028},
   year = {2011},
   type = {Journal Article}
}

@article{RN17,
   author = {McGuinness, D. S. and Brown, D. B. and Tooze, R. P. and Hess, F. M. and Dixon, J. T. and Slawin, A. M. Z.},
   title = {Ethylene trimerization with Cr-PNP and Cr-SNS complexes: Effect of ligand structure, metal oxidation state, and role of activator on catalysis},
   journal = {Organometallics},
   volume = {25},
   number = {15},
   pages = {3605-3610},
   ISSN = {0276-7333},
   DOI = {10.1021/om0601091},
   url = {<Go to ISI>://WOS:000238848600017},
   year = {2006},
   type = {Journal Article}
}

@article{RN24,
   author = {McGuinness, D. S. and Wasserscheid, P. and Keim, W. and Morgan, D. and Dixon, J. T. and Bollmann, A. and Maumela, H. and Hess, F. and Englert, U.},
   title = {First Cr(III)-SNS complexes and their use as highly efficient catalysts for the trimerization of ethylene to 1-hexene},
   journal = {Journal of the American Chemical Society},
   volume = {125},
   number = {18},
   pages = {5272-5273},
   ISSN = {0002-7863},
   DOI = {10.1021/ja034752f},
   url = {<Go to ISI>://WOS:000182682700013},
   year = {2003},
   type = {Journal Article}
}

@book{RN56,
   author = {Mehrer, Helmut},
   title = {Diffusion in Solids},
   publisher = {Springer},
   address = {Berlin},
   year = {2007},
   type = {Book}
}

@book{RN70,
   author = {Moore, Elaine A. and Smart, Lesley E.},
   title = {Solid State Chemistry},
   publisher = {CRC Press},
   year = {2020},
   type = {Book}
}

@article{RN85,
   author = {Mott, N. F. and Littleton, M. J.},
   title = {CONDUCTION IN POLAR CRYSTALS .1. ELECTROLYTIC CONDUCTION IN SOLID SALTS (REPRINTED FROM, VOL 34, PG 485, 1938)},
   journal = {Journal of the Chemical Society-Faraday Transactions Ii},
   volume = {85},
   pages = {565-579},
   ISSN = {0300-9238},
   DOI = {10.1039/f29898500565},
   url = {<Go to ISI>://WOS:A1989U835400021},
   year = {1989},
   type = {Journal Article}
}

@article{RN107,
   author = {Mouta, R. and Melo, M. A. B. and Diniz, E. M. and Paschoal, C. W. A.},
   title = {Concentration of Charge Carriers, Migration, and Stability in Li3OCl Solid Electrolytes},
   journal = {Chemistry of Materials},
   volume = {26},
   number = {24},
   pages = {7137-7144},
   ISSN = {0897-4756},
   DOI = {10.1021/cm503717e},
   url = {<Go to ISI>://WOS:000347139700028},
   year = {2014},
   type = {Journal Article}
}

@article{RN40,
   author = {Neese, F.},
   title = {The ORCA program system},
   journal = {Wiley Interdisciplinary Reviews-Computational Molecular Science},
   volume = {2},
   number = {1},
   pages = {73-78},
   ISSN = {1759-0876},
   DOI = {10.1002/wcms.81},
   url = {<Go to ISI>://WOS:000298355300004},
   year = {2012},
   type = {Journal Article}
}

@article{RN41,
   author = {Neese, F.},
   title = {Software update: the ORCA program system, version 4.0},
   journal = {Wiley Interdisciplinary Reviews-Computational Molecular Science},
   volume = {8},
   number = {1},
   pages = {6},
   ISSN = {1759-0876},
   DOI = {10.1002/wcms.1327},
   url = {<Go to ISI>://WOS:000418158400001},
   year = {2018},
   type = {Journal Article}
}

@article{RN62,
   author = {Porz, L. and Swamy, T. and Sheldon, B. W. and Rettenwander, D. and Fromling, T. and Thaman, H. L. and Berendts, S. and Uecker, R. and Carter, W. C. and Chiang, Y. M.},
   title = {Mechanism of Lithium Metal Penetration through Inorganic Solid Electrolytes},
   journal = {Advanced Energy Materials},
   volume = {7},
   number = {20},
   pages = {12},
   ISSN = {1614-6832},
   DOI = {10.1002/aenm.201701003},
   url = {<Go to ISI>://WOS:000413695300024},
   year = {2017},
   type = {Journal Article}
}

@article{RN57,
   author = {Quartarone, Eliana and Mustarelli, Piercarlo},
   title = {Electrolytes for solid-state lithium rechargeable batteries: recent
advances and perspectives},
   journal = {Chemistry Society Reviews},
   volume = {40},
   pages = {2525-2540},
   year = {2010},
   type = {Journal Article}
}

@article{RN91,
   author = {Robertson, A. D. and West, A. R. and Ritchie, A. G.},
   title = {Review of crystalline lithium-ion conductors suitable for high temperature battery applications},
   journal = {Solid State Ionics},
   volume = {104},
   number = {1-2},
   pages = {1-11},
   ISSN = {0167-2738},
   DOI = {10.1016/s0167-2738(97)00429-3},
   url = {<Go to ISI>://WOS:000071283400001},
   year = {1997},
   type = {Journal Article}
}

@article{RN127,
   author = {Sabrowsky, Horst and Paszkowski, Karin and Reddig, Dagmar and Vogt, Petra},
   title = {Na3OCl und Na3OBr, die ersten Alkalimetallchalkogenidhalogenide / Na3OCl and Na3OBr, the First Alkali Metal Chalcogenide Halides},
   journal = {Zeitschrift fÃ¼r NaturforschungÂ B},
   volume = {43},
   pages = {238-239},
   year = {1988},
   type = {Journal Article}
}

@article{RN13,
   author = {Skupinska, J.},
   title = {Oligomerization of a-Olefins to Higher Oligomers},
   journal = {Chemical Reviews},
   volume = {91},
   pages = {613-648},
   year = {1991},
   type = {Journal Article}
}

@article{RN5,
   author = {Skupinska, J.},
   title = {OLIGOMERIZATION OF ALPHA-OLEFINS TO HIGHER OLIGOMERS},
   journal = {Chemical Reviews},
   volume = {91},
   number = {4},
   pages = {613-648},
   ISSN = {0009-2665},
   DOI = {10.1021/cr00004a007},
   url = {<Go to ISI>://WOS:A1991FT26000007},
   year = {1991},
   type = {Journal Article}
}

@article{RN15,
   author = {Soto, J. and Steigerwald, M. L. and Grubbs, R. H.},
   title = {Concerning the mechanism of Ziegler-Natta polymerization:  isotope effects on propagation rates},
   journal = {Journal of the American Chemical Society},
   volume = {104},
   pages = {4479  â   4480},
   year = {1982},
   type = {Journal Article}
}

@article{RN88,
   author = {Stramare, S. and Thangadurai, V. and Weppner, W.},
   title = {Lithium lanthanum titanates: A review},
   journal = {Chemistry of Materials},
   volume = {15},
   number = {21},
   pages = {3974-3990},
   ISSN = {0897-4756},
   DOI = {10.1021/cm0300516},
   url = {<Go to ISI>://WOS:000186050800006},
   year = {2003},
   type = {Journal Article}
}

@article{RN130,
   author = {Sun, Y. L. and Wang, Y. C. and Liang, X. M. and Xia, Y. H. and Peng, L. F. and Jia, H. H. and Li, H. X. and Bai, L. F. and Feng, J. W. and Jiang, H. and Xie, J.},
   title = {Rotational Cluster Anion Enabling Superionic Conductivity in Sodium-Rich Antiperovskite Na3OBH4},
   journal = {Journal of the American Chemical Society},
   volume = {141},
   number = {14},
   pages = {5640-5644},
   ISSN = {0002-7863},
   DOI = {10.1021/jacs.9b01746},
   url = {<Go to ISI>://WOS:000464769000012},
   year = {2019},
   type = {Journal Article}
}

@article{RN37,
   author = {Sydora, O. L.},
   title = {Selective Ethylene Oligomerization},
   journal = {Organometallics},
   volume = {38},
   number = {5},
   pages = {997-1010},
   ISSN = {0276-7333},
   DOI = {10.1021/acs.organomet.8b00799},
   url = {<Go to ISI>://WOS:000461270300001},
   year = {2019},
   type = {Journal Article}
}

@article{RN123,
   author = {Takada, K.},
   title = {Progress and prospective of solid-state lithium batteries},
   journal = {Acta Materialia},
   volume = {61},
   number = {3},
   pages = {759-770},
   ISSN = {1359-6454},
   DOI = {10.1016/j.actamat.2012.10.034},
   url = {<Go to ISI>://WOS:000315075500004},
   year = {2013},
   type = {Journal Article}
}

@article{RN101,
   author = {Thangadurai, V. and Kaack, H. and Weppner, W. J. F.},
   title = {Novel fast lithium ion conduction in garnet-type Li5La3M2O12 (M = Nb, Ta)},
   journal = {Journal of the American Ceramic Society},
   volume = {86},
   number = {3},
   pages = {437-440},
   ISSN = {0002-7820},
   DOI = {10.1111/j.1151-2916.2003.tb03318.x},
   url = {<Go to ISI>://WOS:000181778200010},
   year = {2003},
   type = {Journal Article}
}

@article{RN102,
   author = {Thangadurai, V. and Kaack, H. and Weppner, W. J. F.},
   title = {Novel fast lithium ion conduction in garnet-type Li5La3M2O12 (M = Nb, Ta)},
   journal = {Journal of the American Ceramic Society},
   volume = {86},
   number = {3},
   pages = {437-440},
   ISSN = {0002-7820},
   DOI = {10.1111/j.1151-2916.2003.tb03318.x},
   url = {<Go to ISI>://WOS:000181778200010},
   year = {2003},
   type = {Journal Article}
}

@article{RN104,
   author = {Thangadurai, V. and Weppner, W.},
   title = {Li(6)ALa(2)Ta(2)O(12) (A=Sr, Ba): Novel garnet-like oxides for fast lithium ion conduction},
   journal = {Advanced Functional Materials},
   volume = {15},
   number = {1},
   pages = {107-112},
   ISSN = {1616-301X},
   DOI = {10.1002/adfm.200400044},
   url = {<Go to ISI>://WOS:000226705500014},
   year = {2005},
   type = {Journal Article}
}

@article{RN103,
   author = {Thangadurai, V. and Weppner, W.},
   title = {Li(6)ALa(2)Ta(2)O(12) (A=Sr, Ba): Novel garnet-like oxides for fast lithium ion conduction},
   journal = {Advanced Functional Materials},
   volume = {15},
   number = {1},
   pages = {107-112},
   ISSN = {1616-301X},
   DOI = {10.1002/adfm.200400044},
   url = {<Go to ISI>://WOS:000226705500014},
   year = {2005},
   type = {Journal Article}
}

@article{RN39,
   author = {Traficante, D. D.},
   title = {Relaxation. Can T2 be longer than T1?},
   journal = {Concepts in Magnetic Resonance},
   volume = {3},
   pages = {171-177},
   year = {1991},
   type = {Journal Article}
}

@article{RN112,
   author = {Vogel, E. M. and Cava, R. J. and Rietman, E.},
   title = {NA+ ION CONDUCTIVITY AND CRYSTALLOGRAPHIC CELL CHARACTERIZATION IN THE HF-NASICON SYSTEM NA1+XHF2SIXP3-XO12},
   journal = {Solid State Ionics},
   volume = {14},
   number = {1},
   pages = {1-6},
   ISSN = {0167-2738},
   DOI = {10.1016/0167-2738(84)90002-x},
   url = {<Go to ISI>://WOS:A1984TJ78300001},
   year = {1984},
   type = {Journal Article}
}

@article{RN129,
   author = {Wang, Y. G. and Wang, Q. F. and Liu, Z. P. and Zhou, Z. Y. and Li, S. and Zhu, J. L. and Zou, R. Q. and Wang, Y. X. and Lin, J. H. and Zhao, Y. S.},
   title = {Structural manipulation approaches towards enhanced sodium ionic conductivity in Na-rich antiperovskites},
   journal = {Journal of Power Sources},
   volume = {293},
   pages = {735-740},
   ISSN = {0378-7753},
   DOI = {10.1016/j.jpowsour.2015.06.002},
   url = {<Go to ISI>://WOS:000358809700087},
   year = {2015},
   type = {Journal Article}
}

@article{RN67,
   author = {Wang, Y. and Richards, W. D. and Ong, S. P. and Miara, L. J. and Kim, J. C. and Mo, Y. F. and Ceder, G.},
   title = {Design principles for solid-state lithium superionic conductors},
   journal = {Nature Materials},
   volume = {14},
   number = {10},
   pages = {1026-+},
   ISSN = {1476-1122},
   DOI = {10.1038/nmat4369},
   url = {<Go to ISI>://WOS:000361771800023},
   year = {2015},
   type = {Journal Article}
}

@article{RN105,
   author = {Wang, Y. and Richards, W. D. and Ong, S. P. and Miara, L. J. and Kim, J. C. and Mo, Y. F. and Ceder, G.},
   title = {Design principles for solid-state lithium superionic conductors},
   journal = {Nature Materials},
   volume = {14},
   number = {10},
   pages = {1026-+},
   ISSN = {1476-1122},
   DOI = {10.1038/nmat4369},
   url = {<Go to ISI>://WOS:000361771800023},
   year = {2015},
   type = {Journal Article}
}

@article{RN121,
   author = {Wang, Y. and Richards, W. D. and Ong, S. P. and Miara, L. J. and Kim, J. C. and Mo, Y. F. and Ceder, G.},
   title = {Design principles for solid-state lithium superionic conductors},
   journal = {Nature Materials},
   volume = {14},
   number = {10},
   pages = {1026-+},
   ISSN = {1476-1122},
   DOI = {10.1038/nmat4369},
   url = {<Go to ISI>://WOS:000361771800023},
   year = {2015},
   type = {Journal Article}
}

@article{RN95,
   author = {Wenzel, S. and Randau, S. and Leichtweiss, T. and Weber, D. A. and Sann, J. and Zeier, W. G. and Janek, J.},
   title = {Direct Observation of the Interfacial Instability of the Fast Ionic Conductor Li10GeP2S12 at the Lithium Metal Anode},
   journal = {Chemistry of Materials},
   volume = {28},
   number = {7},
   pages = {2400-2407},
   ISSN = {0897-4756},
   DOI = {10.1021/acs.chemmater.6b00610},
   url = {<Go to ISI>://WOS:000374196000055},
   year = {2016},
   type = {Journal Article}
}

@article{RN90,
   author = {Wu, M. F. and Wen, Z. Y. and Liu, Y. and Wang, X. Y. and Huang, L. Z.},
   title = {Electrochemical behaviors of a Li3N modified Li metal electrode in secondary lithium batteries},
   journal = {Journal of Power Sources},
   volume = {196},
   number = {19},
   pages = {8091-8097},
   ISSN = {0378-7753},
   DOI = {10.1016/j.jpowsour.2011.05.035},
   url = {<Go to ISI>://WOS:000294033000026},
   year = {2011},
   type = {Journal Article}
}

@article{RN118,
   author = {Zhang, L. and Yang, K. and Mi, J. L. and Lu, L. and Zhao, L. R. and Wang, L. M. and Li, Y. M. and Zeng, H.},
   title = {Na3PSe4: A Novel Chalcogenide Solid Electrolyte with High Ionic Conductivity},
   journal = {Advanced Energy Materials},
   volume = {5},
   number = {24},
   pages = {5},
   ISSN = {1614-6832},
   DOI = {10.1002/aenm.201501294},
   url = {<Go to ISI>://WOS:000367218400005},
   year = {2015},
   type = {Journal Article}
}

@article{RN119,
   author = {Zhang, Z. and Ramos, E. and Lalere, F. and Assoud, A. and Kaup, K. and Hartman, P. and Nazar, L. F.},
   title = {Na11Sn2PS12: a new solid state sodium superionic conductor},
   journal = {Energy & Environmental Science},
   volume = {11},
   number = {1},
   pages = {87-93},
   ISSN = {1754-5692},
   DOI = {10.1039/c7ee03083e},
   url = {<Go to ISI>://WOS:000423017000007},
   year = {2018},
   type = {Journal Article}
}

@article{RN86,
   author = {Zhang, Z. Z. and Shao, Y. J. and Lotsch, B. and Hu, Y. S. and Li, H. and Janek, J. and Nazar, L. F. and Nan, C. W. and Maier, J. and Armand, M. and Chen, L. Q.},
   title = {New horizons for inorganic solid state ion conductors},
   journal = {Energy & Environmental Science},
   volume = {11},
   number = {8},
   pages = {1945-1976},
   ISSN = {1754-5692},
   DOI = {10.1039/c8ee01053f},
   url = {<Go to ISI>://WOS:000442262900002},
   year = {2018},
   type = {Journal Article}
}

@article{RN75,
   author = {Zhao, Y. S. and Daemen, L. L.},
   title = {Superionic Conductivity in Lithium-Rich Anti-Perovskites},
   journal = {Journal of the American Chemical Society},
   volume = {134},
   number = {36},
   pages = {15042-15047},
   ISSN = {0002-7863},
   DOI = {10.1021/ja305709z},
   url = {<Go to ISI>://WOS:000308574800063},
   year = {2012},
   type = {Journal Article}
}

@article{RN80,
   author = {Zhu, J. L. and Wang, Y. G. and Li, S. and Howard, J. W. and Neuefeind, J. and Ren, Y. and Wang, H. and Liang, C. D. and Yang, W. G. and Zou, R. Q. and Jin, C. Q. and Zhao, Y. S.},
   title = {Sodium Ion Transport Mechanisms in Antiperovskite Electrolytes Na3OBr and Na4OI2: An in Situ Neutron Diffraction Study},
   journal = {Inorganic Chemistry},
   volume = {55},
   number = {12},
   pages = {5993-5998},
   ISSN = {0020-1669},
   DOI = {10.1021/acs.inorgchem.6b00444},
   url = {<Go to ISI>://WOS:000378369900034},
   year = {2016},
   type = {Journal Article}
}

@article{RN117,
   author = {Zhu, Z. Y. and Chu, I. H. and Deng, Z. and Ong, S. P.},
   title = {Role of Na+ Interstitials and Dopants in Enhancing the Na+ Conductivity of the Cubic Na3PS4 Superionic Conductor},
   journal = {Chemistry of Materials},
   volume = {27},
   number = {24},
   pages = {8318-8325},
   ISSN = {0897-4756},
   DOI = {10.1021/acs.chemmater.5b03656},
   url = {<Go to ISI>://WOS:000367562000019},
   year = {2015},
   type = {Journal Article}
}

@article{RN125,
   author = {Zintl, E. and Morawietz, W.},
   title = {Orthosalze von SauerstoffsÃ¤uren},
   journal = {Zeitschrift fÃ¼r anorganische und allgemeine Chemie},
   volume = {236},
   number = {1},
   pages = {372-410},
   year = {1938},
   type = {Journal Article}
}

